4114 6322
252 311 304 366 449
901 309 1013 366 INDEX
1032 308 1296 368 MATERIARUM.
1888 314 1948 368 220

1014 428 1068 480 Col.
1883 430 1943 480 Col.

251 498 295 555 Ad
312 499 448 557 decanum
462 508 490 555 et
503 497 655 572 capitulum
668 497 792 556 ecclesias
803 499 893 557 heatae
907 499 965 556 illa·
1122 497 1164 554 Ad
1178 497 1338 570 episcopum
1353 497 1587 554 Lemorieensem.
1906 504 1946 557 90

288 580 336 637 rias
351 578 544 636 Tornacensis.
1036 582 1070 636 56
1121 578 1164 634 Ad
1185 577 1299 634 abbates
1316 579 1345 632 S.
1368 577 1499 634 Antonini
1519 579 1726 649 Appamarum,
1749 577 1833 635 [esa-

251 659 292 713 Ad
306 659 420 716 abbates
431 661 459 714 S.
473 657 550 714 Pauli
564 657 838 714 Praemonstratensis
848 657 963 728 ordinis,
1158 665 1261 714 tensam
1276 667 1304 713 et
1316 657 1507 728 Asslliensem‚
1524 657 1669 714 Tolosauas
1682 655 1819 714 dioecesie.
1905 663 1938 715 94

288 739 316 794 S.
332 738 440 794 Vitonis
453 743 481 794 et
495 739 523 793 S.
538 737 648 808 Agerici
663 736 858 793 virdunenses.
1036 739 1071 792 57
1120 738 1163 794 Ad
1178 739 1306 794 abbatem
1320 736 1355 791 de
1369 735 1500 808 Begham.
1906 742 1944 794 93

250 816 293 872 Ad
309 815 476 874 abbatissam
490 825 694 872 elconventum
707 817 961 872 Novilllonaslerii.
1036 819 1069 873 58
1121 817 1161 873 Ad
1179 817 1374 874 monasterium
1391 818 1419 871 in
1434 814 1597 887 Wulzhurg.
1869 817 1944 874 lbid.

251 895 293 950 Ad
308 896 474 952 abbatemet
487 903 652 954 conventum
667 897 826 952 monasterii
838 897 866 950 S.
879 895 963 954 Blasii
1120 897 1160 952 Ad
1185 897 1411 954 Suessionensem
1432 895 1591 968 episcopum
1613 901 1642 951 et
1662 894 1776 952 Petrum
1796 893 1830 952 de

283 975 316 1033 de
330 979 416 1048 Nigra
432 976 526 1050 Sylva.
1034 978 1068 1030 59
1156 976 1337 1044 Collemedlo‚
1353 983 1408 1032 alc.
1902 978 1942 1031 94

247 1053 291 1111 Ad
307 1057 484 1130 praepositum
499 1063 527 1112 et
541 1063 706 1114 conventum
724 1055 884 1112 monasterii
901 1055 964 1112 Rei·
1121 1055 1160 1112 Ad
1176 1057 1335 1129 episcopum
1350 1063 1380 1110 et
1394 1053 1556 1125 magistrum
1575 1053 1731 1109 scholarum
1745 1053 1831 1110 Geno-

284 1134 445 1208 chersperg,
462 1136 567 1191 ordinis
582 1137 610 1191 S.
626 1135 784 1206 Augustini.
997 1133 1067 1192 ibid.
1155 1137 1293 1193 manensis
1306 1134 1449 1205 dioecesis,
1462 1141 1491 1191 et
1500 1133 1771 1208 archipresbyterum
1784 1135 1830 1191 Sa·

248 1213 289 1269 Ad
305 1215 471 1272 abbatemet
484 1221 650 1273 conventum
665 1214 824 1270 monasterii
840 1215 869 1270 S.
884 1213 959 1270 Petri
1155 1231 1313 1286 gonensem.
1900 1219 1940 1269 95

285 1295 447 1352 Gandcnsis.
1034 1297 1068 1350 66
1118 1294 1161 1350 Ad
1177 1295 1564 1362 Fridericum‚Romanorum
1579 1293 1782 1365 imperatorem.
1900 1300 1939 1350 96

247 1372 289 1429 Ad
306 1375 482 1448 episcopum,
501 1375 681 1449 praepositum
699 1381 727 1431 44
741 1374 777 1430 tt.
797 1373 960 1430 canonicum
1118 1375 1160 1430 Ad
1176 1375 1304 1431 abbatem
1320 1381 1347 1428 44
1361 1380 1528 1430 conventum
1541 1373 1569 1428 S.
1588 1371 1734 1430 4444444444
1749 1373 1831 1430 Pari-

285 1454 477 1510 Faventiuum.
1033 1453 1063 1506 64
1154 1453 1263 1509 4444444.
1886 1455 1942 1508 tos

247 1530 290 1587 Ad
304 1532 432 1589 abbatam
451 1539 481 1589 et
497 1539 664 1590 conventum
679 1535 708 1590 S.
723 1531 870 1604 Augustini
887 1531 960 1588 Gau·
1117 1533 1159 1590 Ad
1176 1531 1327 1605 sigfridum
1343 1531 1581 1603 archiepiscopum
1598 1531 1803 1602 Magantinum.
1885 1536 1940 1590 llis

285 1611 397 1680 4444444,
411 1611 515 1668 ordinis
528 1612 621 1667 Sancti
636 1611 786 1667 Benedicti.
1033 1606 1066 1666 64
1118 1612 1160 1669 Ad
1174 1615 1284 1686 majoris
1296 1612 1421 1669 ecclesiae
1434 1617 1497 1668 44...
1512 1613 1541 1666 S.
1560 1610 1658 1666 Marias
1672 1609 1707 1665 ad
1723 1609 1830 1666 Gradus

247 1689 289 1744 Ad
304 1698 470 1746 conventum
487 1693 515 1746 S.
532 1690 677 1748 Michaelis
689 1689 881 1746 Vindunensis.
996 1689 1065 1746 ibid.
1154 1694 1315 1766 praepositos
1325 1698 1353 1748 et
1365 1691 1500 1748 decanum
1515 1691 1544 1746 S.
1560 1689 1661 1746 Mariae
1675 1689 1710 1745 ad
1724 1690 1832 1746 Gradus

247 1768 289 1824 Ad
305 1770 465 1844 episcopum
480 1771 690 1841 Lingonensem.
1033 1773 1067 1824 63
1153 1773 1336 1830 Coloniensis.
1887 1773 1941 1827 407

247 1847 290 1902 Ad
305 1849 471 1920 Honricum,
486 1851 638 1922 Anglorum
654 1864 756 1920 regem.
1033 1851 1067 1905 ol
1117 1852 1159 1910 Ad
1176 1853 1363 1922 Fridericum‚
1377 1851 1567 1907 Romanorum
1579 1849 1784 1921 imperatorem.
1887 1853 1941 1908 469

247 1926 289 1982 Ad
305 1928 432 1985 abbatem
449 1937 477 1984 44
491 1929 611 2001 priorem
625 1931 652 1984 S.
669 1928 772 1984 iuliani
788 1932 817 1983 et
830 1925 961 1986 subdeca·
1117 1933 1160 1989 Ad
1175 1933 1340 2000 Henricum‚
1354 1931 1483 1988 comitem
1498 1929 1715 1985 zwerinensem.
1886 1933 1941 1987 tto

283 2023 348 2062 num
363 2009 391 2063 S.
408 2008 520 2064 Martini
534 2007 711 2064 Turonensis.
1032 2011 1067 2066 67
1117 2014 1159 2070 Ad
1174 2014 1327 2086 capitulum
1341 2011 1561 2067 Roslrildensem.
1885 2013 1937 2066 444

246 2087 289 2144 Ad
305 2089 467 2158 magistrum
480 2093 508 2142 et
521 2087 621 2142 iratres
637 2086 743 2142 militiae
758 2085 875 2158 Templi.
995 2087 1064 2144 lhid.
1117 2093 1159 2149 Ad
1178 2093 1416 2166 archiepiscopum
1439 2090 1628 2162 spalatensem
1647 2095 1676 2146 et
1694 2090 1829 2163 suifraga-

246 2166 287 2222 Ad
310 2167 472 2238 magistrum
493 2173 521 2222 et
542 2164 642 2222 iratres
666 2165 774 2220 militiae
797 2164 904 2236 Templi
926 2164 961 2221 de
1154 2189 1219 2230 neos
1234 2175 1304 2245 ojus.
1439 2161 1443 2170 '
1864 2169 1939 2226 lbid.

283 2246 435 2316 Hungaria.
1031 2247 1066 2302 76
1117 2251 1158 2308 Ad
1174 2253 1333 2326 episcopum
1348 2251 1592 2308 cenomanensem.
1884 2252 1940 2307 lla

245 2323 287 2380 Ad
302 2324 436 2380 decanum
449 2331 477 2380 et
492 2321 643 2396 capitulum
660 2323 688 2378 S.
704 2321 825 2378 Victoris
839 2323 959 2394 Magno·
1118 2331 1158 2386 Ad
1174 2333 1302 2388 abbatem
1317 2339 1345 2386 et
1359 2330 1480 2402 priorem
1494 2327 1653 2384 monasterii
1669 2327 1764 2385 Sancti
1777 2328 1829 2385 Re·
1997 2395 2003 2404 ,

281 2403 405 2459 iinanaia·
1031 2406 1061 2459 74
1153 2412 1228 2484 migii
1245 2411 1400 2467 Remensis.
1884 2409 1938 2464 443

247 2482 288 2560 Ad
307 2483 544 2556 archiepiscopum
560 2480 773 2552 Cassellensem,
795 2481 959 2538 Limiricen·
1116 2488 1157 2544 Ad
1174 2489 1302 2546 abbatem
1321 2497 1349 2544 et
1367 2493 1535 2544 conventum
1553 2485 1588 2543 de
1611 2485 1746 2556 Passelet‚
1763 2485 1830 2542 Glo-

281 2578 338 2617 sem
353 2568 382 2617 44
395 2562 557 2617 Clonensem
570 2561 724 2633 episcopos.
1029 2565 1046 2618 7
1051 2565 1064 2616 4
1152 2570 1288 2626 alanensis
1303 2567 1418 2626 ordinis.
1438 2613 1443 2622 ,
1862 2564 1937 2622 lbid.

246 2640 288 2696 Ad
305 2643 455 2698 Hosticum
468 2656 559 2712 ragam
573 2641 689 2710 Angliae·
1030 2644 1065 2696 74
1116 2647 1157 2703 Ad
1172 2649 1307 2706 decanum
1321 2656 1350 2704 et
1363 2648 1511 2704 canonicos
1525 2646 1739 2706 Westarieuses.
1882 2648 1937 2702 444

246 2720 288 2775 Ad
304 2721 501 2777 monasterium
516 2719 641 2775 ecclesiae
657 2721 684 2774 S.
700 2719 798 2775 Marias
812 2719 962 2792 Syloousis.
1030 2727 1064 2778 75
1115 2727 1156 2782 Ad
1173 2728 1205 2782 G.
1225 2726 1463 2796 archidiaconum,
1482 2727 1644 2797 magistrum
1665 2726 1700 2780 R.
1719 2723 1828 2780 subthe-

245 2799 288 2854 Ad
308 2801 467 2872 episcopum
488 2799 726 2866 lemovicensem,
750 2797 878 2854 abbatem
901 2803 958 2856 llo-
1150 2809 1305 2864 4444444444
1316 2809 1484 2874 7444444444,
1496 2814 1524 2864 ot
1535 2807 1698 2862 canonicum
1710 2805 1744 2860 de
1758 2803 1828 2860 Vico

201 2891 206 2906 ·
282 2879 399 2948 lensem,
418 2879 600 2934 Bituriceusis
617 2877 760 2948 dimcesia,
777 2887 806 2934 44
822 2877 958 2936 decanum
1151 2887 1314 2942 aletensem.
1882 2885 1938 2937 445

283 2957 524 3028 Bardasaleasam·
1029 2961 1063 3014 78
1114 2964 1157 3022 Ad
1173 2968 1279 3022 lsoneru
1293 2966 1467 3038 episcopum,
1483 2972 1511 3021 et
1527 2963 1655 3022 abbatem
1669 2962 1704 3019 de
1718 2963 1807 3020 Lima.
1881 2965 1938 3018 446

245 3035 286 3092 Ad
302 3037 461 3108 episcopum
475 3037 659 3108 Albigensem.
1030 3041 1063 3094 80
1115 3045 1156 3100 Ad
1172 3045 1381 3101 Wuldemarum
1397 3061 1487 3116 regem
1503 3043 1608 3100 Danies.
1860 3040 1934 3098 lbid.

246 3115 287 3171 Ad
306 3117 467 3186 magistrum
482 3125 509 3172 44
524 3116 623 3172 iratres
640 3115 790 3189 Hospitalis
806 3131 958 3190 pauperum
1114 3125 1156 3180 Ad
1170 3125 1205 3180 de
1222 3126 1269 3180 Bel
1285 3141 1319 3182 44
1331 3125 1365 3181 de
1381 3127 1494 3182 Wertes
1507 3123 1636 3190 abbates,
1654 3127 1682 3178 et
1692 3121 1825 3180 archidia-

281 3197 309 3250 S·
323 3196 438 3250 44444444
452 3195 640 3252 (4444444440.
1030 3200 1059 3252 84
1149 3221 1248 3262 conum
1270 3205 1304 3261 de
1329 3209 1430 3262 Sancto
1450 3205 1576 3274 Andrea‚
1600 3204 1828 3276 wesprimiensis

246 3273 539 3348 Adarcbiopiscopum
556 3273 760 3330 bublinensem.
1030 3282 1062 3334 82
1151 3285 1288 3340 diaecesis.
1884 3284 1940 3338 447

244 3354 285 3410 Ad
300 3354 450 3425 decanum,
464 3354 690 3411 archidiaconum
706 3361 734 3410 44
747 3353 893 3412 officialem
905 3355 958 3411 Tu·
1115 3365 1157 3421 Ad
1170 3365 1297 3420 abbatem
1314 3362 1407 3418 saneti
1422 3361 1546 3418 Audoeni
1556 3405 1563 3432 ,
1575 3361 1710 3420 decanum
1722 3369 1751 3420 et
1764 3379 1824 3420 rna-

281 3451 420 3492 ronenses.
1030 3441 1063 3492 63
1151 3446 1268 3516 gistrum
1280 3443 1473 3516 Rodulphum,
1488 3442 1713 3500 archidiaconum
1725 3443 1828 3500 Retho-

243 3513 286 3568 Ad
304 3514 453 3570 ilenricum
467 3529 560 3586 regem
574 3513 692 3584 Angliae.
993 3516 1061 3574 lbid.
1151 3539 1318 3594 magensem.
1884 3527 1939 3581 449

243 3591 286 3648 Ad
301 3595 470 3664 Romanam,
488 3593 581 3650 Sancti
598 3593 696 3666 Aagali
712 3592 897 3666 cardinalem,
912 3596 947 3652 A·
1116 3605 1155 3660 Ad
1170 3605 1405 3678 archiepiscopos,
1420 3603 1578 3676 episcopos,
1594 3602 1709 3660 abbates
1719 3609 1747 3660 et
1758 3603 1827 3660 alios

281 3672 310 3730 S.
327 3671 458 3744 legatum.
1030 3675 1064 3728 84
1151 3686 1295 3760 praelalos,
1310 3692 1376 3754 etc,
1395 3701 1443 3757 per
1454 3701 1568 3756 regnum
1580 3683 1783 3740 Thessalonicae
1795 3699 1829 3740 ac

244 3751 286 3806 Ad
302 3751 540 3824 archiepiscopum
557 3751 774 3810 Narbonensem.
992 3753 1062 3808 lbid.
1152 3765 1348 3838 personatam
1362 3765 1537 3822 constitutos,
1744 3812 1763 3842 ⁴
1884 3767 1939 3820 424

243 3829 286 3885 Ad
302 3831 471 3902 Romanam,
493 3831 586 3888 Sancti
605 3833 702 3905 Augali
722 3831 904 3902 cardinalem,
922 3835 955 3888 Α·
1115 3846 1155 3902 Ad
1172 3845 1409 3918 archiepiscopum
1424 3843 1659 3900 cantuariensem.
1884 3847 1939 3900 443

281 3913 310 3966 S·
327 3911 459 3982 legatum.
1030 3917 1063 3970 85
1115 3926 1155 3982 Ad
1171 3927 1339 3996 Ricardum,
1357 3927 1489 3984 Pictaviae
1504 3928 1649 3996 comitem,
1664 3926 1772 3999 Anglias
1788 3941 1826 3983 re-

244 3988 286 4045 Ad
301 3991 486 4063 patriarcham
500 3989 669 4048 Gradensem
681 3999 709 4048 et
726 3991 880 4066 capitulum
894 3993 958 4050 Cas·
1150 4007 1191 4078 gis
1204 4006 1327 4062 tratrem,
1883 4007 1936 4062 426

282 4071 422 4127 4444444444-
690 4079 706 4106 ·
1030 4078 1063 4130 86
1114 4083 1155 4141 Ad
1173 4085 1301 4141 abbatem
1320 4087 1349 4142 S.
1371 4083 1515 4156 Pontiani,
1539 4085 1567 4142 S.
1588 4083 1732 4142 Michaelis
1749 4091 1779 4142 et
1796 4085 1824 4142 S.

244 4148 285 4204 Ad
301 4148 487 4220 Ludovicum‚
505 4153 673 4206 Francorum
690 4166 793 4222 regem.
1030 4157 1064 4208 37
1152 4163 1297 4233 ltnparatae
1313 4164 1418 4236 priores
1432 4165 1568 4220 Lucanos.
1881 4167 1936 4220 447

244 4227 458 4366 AddanJgigterum
474 4237 501 4287 et
516 4230 615 4288 4444444
628 4231 778 4305 Hospitalis
791 4232 819 4288 S.
837 4230 958 4304 Spiritus
1029 4315 1063 4366 89
1096 4234 1790 4315 'AdFredericum,Romanorumimperatorem.
1882 4245 1936 4298 447
2052 4317 2053 4324 ¹

355 4327 368 4364 f
407 4351 413 4365 ι
2052 4329 2053 4357 r

815 4595 982 4684 LIBER
1015 4597 1358 4684 UNDECIMUS.

242 4793 284 4851 Ad
300 4793 445 4850 Nicolaum
461 4793 696 4852 Archidiaconum
712 4796 940 4854 lhatlendansem.
1014 4801 1066 4856 ⁴29
1115 4799 1158 4854 Ad
1172 4798 1325 4856 Robartum
1339 4797 1578 4872 arehiepiscopum
1598 4799 1826 4871 strigoniensem.
1884 4805 1936 4860 433

242 4873 284 4930 Ad
298 4873 450 4930 Thorerum
460 4875 698 4949 archiepiscopum
709 4876 925 4934 Nidrosiensem.
994 4877 1063 4934 lbid.
1114 4879 1154 4935 Ad
1170 4879 1397 4936 communitatem
1410 4879 1533 4937 civitatis
1544 4879 1683 4951 Rigensis.
1882 4885 1934 4938 437
2050 4875 2051 4886 ’

242 4953 285 5010 Ad
302 4955 464 5027 magistrum
480 4953 652 5010 Willelmum
670 4955 705 5011 de
722 4956 847 5026 Morem,
868 4971 955 5014 cauo·
1114 4959 1154 5014 Ad
1171 4959 1297 5016 abbatem
1307 4967 1336 5016 44
1345 4967 1512 5016 conventum
1523 4959 1682 5017 monasterii
1694 4957 1729 5015 de
1740 4959 1829 5034 Olyva

279 5035 371 5090 uicum
385 5034 593 5090 carnotensem.
1012 5037 1063 5091 436
1149 5039 1176 5094 44
1193 5040 1322 5106 Ρ444444,
1341 5038 1445 5095 ordinis
1462 5029 1667 5110 Cisterclensis,
1678 5039 1830 5099 ‘Wladisla-

242 5113 285 5169 Ad
302 5115 704 5186 praepositumetconventum
718 5115 954 5187 Raceburgensos.
1012 5118 1059 5172 434
1148 5119 1401 5176 riensisdioecasis.
1884 5123 1937 5176 439

244 5193 286 5248 Ad
303 5193 446 5248 universos
459 5194 667 5265 crucesignatos
679 5193 856 5252 Luhicenses.
1012 5199 1062 5254 434
1114 5196 1157 5252 Ad
1171 5197 1564 5268 Tredericum,Romanorum
1579 5198 1784 5269 imperatorem.
1883 5201 1935 5255 llll
2049 5207 2050 5224 ¹

242 5271 284 5329 Ad
299 5273 478 5330 Zurineneem
494 5281 521 5330 44
536 5273 795 5347 Racheburgeusem
807 5275 962 5348 episcopos.
1002 5275 1062 5331 lbid
1113 5277 1155 5332 Ad
1172 5279 1342 5349 Romanum,
1365 5279 1459 5335 Sancti
1478 5278 1576 5350 Angeli
1594 5277 1742 5335 diaconum
1764 5293 1828 5338 osr-

242 5353 284 5408 Ad
299 5352 427 5410 scabinos
440 5361 469 5410 et
484 5354 615 5428 populum
635 5356 795 5414 uuiversum
814 5355 956 5413 Colonien-
1148 5355 1285 5427 dinalem‚
1301 5359 1335 5413 A.
1351 5359 1379 5413 S.
1397 5357 1529 5428 legatum.
1883 5359 1931 5416 444

277 5449 347 5489 sem.
1012 5438 1062 5492 433
1113 5435 1155 5491 Ad
1167 5437 1202 5492 N.
1213 5435 1448 5493 subdiaconumet
1457 5436 1628 5510 capellanum
1637 5451 1730 5508 auum,
1740 5443 1827 5496 recto·

242 5511 284 5568 Ad
301 5513 496 5570 monasterium
509 5515 604 5573 Beate
623 5515 721 5574 Maris
736 5517 956 5590 sanctorumque
1148 5531 1205 5571 rem
1219 5517 1336 5586 44444444,
1351 5531 1367 5573 4
1383 5517 1412 5571 S.
1426 5515 1557 5588 legatum.
1880 5517 1933 5573 lla

279 5591 433 5666 Martyrum
448 5593 561 5652 Ganutti
575 5601 603 5652 st
617 5594 726 5652 Albani.
1011 5597 1062 5652 434
1112 5595 1155 5652 Ad
1171 5596 1291 5669 priorem
1305 5602 1333 5653 et
1343 5597 1441 5654 iratres
1457 5597 1548 5654 Eremi
1559 5597 1593 5654 de
1609 5595 1750 5654 Brictiuis.
1883 5599 1934 5653 443
2047 5621 2048 5636 r
