4114 6322
570 884 818 1009 LIBER
882 885 1370 1014 UNDECIMUS

538 1413 559 1500 Ι

150 1529 163 1546 ’
260 1551 312 1611 lo
339 1553 518 1616 Nicolaum
546 1557 827 1617 archidiaconum

402 1652 689 1714 lucitaudcuscm.

416 1771 580 1828 3116661111).
598 1771 677 1828 1226.

284 1880 388 1946 [Lange
399 1881 537 1948 Diptomat.
548 1885 696 1948 Tamagis,
708 1886 728 1944 l,
744 1900 762 1946 1,
772 1885 809 1951 a]

149 1993 184 2051 Ei
201 1994 317 2054 mandat
328 2003 359 2054 ut
373 1997 539 2056 vicesimam
551 2001 808 2060 ecclesiasticorum
819 2016 942 2074 proven·

185 2089 265 2140 tuum
282 2100 332 2156 per
351 2087 427 2144 Petri
447 2085 653 2160 archiepiscopi
668 2087 788 2160 eiusque
801 2089 943 2164 sutlraga·

184 2186 305 2228 neorum
314 2173 555 2231 dioeaosesTerrae
570 2176 815 2234 Sanetaesubsldio
827 2177 944 2249 deputa·

184 2267 245 2316 tam
256 2268 284 2317 et
295 2259 421 2330 6111116111,
432 2261 496 2319 duci
510 2263 683 2336 Norvvegiaa
693 2266 829 2337 aspiranti
845 2265 881 2322 ad
891 2265 946 2322 1166

159 2349 161 2352 ’
183 2347 342 2406 subsidium
358 2363 526 2408 concessam
541 2351 667 2425 colligat,
681 2354 765 2424 eique
778 2353 917 2426 assignet.

189 2474 358 2534 Honorius
373 2476 559 2554 episcopus,
576 2477 652 2550 616.,
664 2479 814 2552 Ν166166,
833 2479 946 2541 archi-

149 2569 291 2632 diacono
302 2571 540 2645 Ihatlandensi,
557 2576 619 2635 etc.

192 2669 271 2728 Cum
288 2667 427 2730 dilectus
443 2669 532 2730 filius
547 2671 669 2732 nobilis
684 2672 737 2732 vir
753 2673 867 2744 SkulO,
879 2673 946 2734 dux

149 2763 356 2840 Norwegiae‚
383 2765 544 2828 divinitus
575 2767 757 2846 inspiratus
790 2769 946 2830 ardenter

150 2861 306 2936 aspirans
321 2862 363 2922 ad
376 2863 558 2924 subsidium
574 2865 684 2926 Terrae
700 2867 839 2939 Sanctae,
857 2866 898 2927 ad
912 2867 944 2928 id

150 2957 330 3033 magnifice
345 2973 380 3019 se
396 2960 558 3036 accingat,
571 2961 708 3024 daturus
724 2962 877 3024 omnibus
889 2964 945 3041 qui

150 3070 265 3114 secum
279 3055 498 3118 transfretare
509 3058 675 3119 voluerint
689 3061 858 3134 navigium
874 3061 946 3122 sine

147 3152 263 3223 naulo,
280 3153 365 3213 stcut
378 3155 446 3214 tam
461 3155 532 3232 ipse
546 3171 644 3232 quam
659 3155 868 3218 venerabiles
883 3157 948 3220 ira·

149 3249 222 3309 tres
239 3249 345 3311 nostri
366 3253 494 3323 Patrue,
516 3252 742 3313 Nidrosiensis
761 3254 947 3331 archiepis-

150 3361 268 3422 copus,
289 3347 357 3408 et...
378 3349 450 3424 ejus
467 3347 670 3424 suffraganei
686 3351 755 3410 suis
775 3351 870 3412 nobis
886 3351 946 3414 lit-

149 3443 236 3504 teris
249 3441 457 3516 intimarunt,
474 3461 534 3505 nos
546 3461 691 3522 congruo
706 3447 855 3509 volentes
873 3465 947 3509 cum

148 3539 281 3601 auxilio
297 3541 332 3599 in
343 3541 411 3602 tam
428 3543 482 3617 pio
495 3543 664 3619 proposito
680 3543 850 3620 adJuvare,
862 3546 948 3607 vice·

149 3636 272 3696 simam
301 3637 603 3700 ecclesiasticorum
636 3643 856 3716 proventuum
888 3658 948 3718 per

148 3733 387 3809 praedictcrum
402 3735 644 3813 archiepiscopi
660 3737 693 3798 et
714 3738 948 3814 suffraganeo-

147 3845 225 3890 rum
245 3831 416 3903 dioeceseS,
433 3833 544 3894 Terrae
566 3833 694 3896 Sanctae
716 3833 864 3896 subsidio
889 3851 946 3896 se-

149 3927 295 3988 cundum
316 3929 438 3990 statuta
461 3929 629 4004 generalis
649 3931 788 3991 concilii
804 3931 946 4007 deputa-

147 4021 238 4093 tam,
264 4023 372 4084 eidem
400 4025 476 4085 duci
503 4025 658 4086 duximus
690 4027 945 4088 concedendam.

150 4119 315 4190 Quocirca
338 4121 546 4188 mandamus,
569 4124 731 4199 quatenus
754 4123 947 4185 vicesimam

149 4217 260 4292 ipsam
274 4217 435 4292 colligens
455 4219 642 4294 diligenter,
664 4220 824 4297 praedicte
844 4221 948 4284 nobili

150 4313 296 4374 fideliter
326 4315 478 4390 assignes
518 4317 680 4377 eamdem.
719 4317 949 4380 contradicto-

150 4425 217 4481 res,
232 4411 294 4471 etc.
309 4413 427 4472 Datum
442 4412 609 4486 Laterani,
627 4415 673 4474 111
686 4429 793 4476 nouas
807 4430 946 4478 novem-

152 4505 237 4581 bris,
252 4523 341 4570 auno
355 4508 540 4572 undecima.

529 4696 570 4782 ΙΙ

263 4837 316 4896 Aa
331 4839 520 4898 ibororum
540 4841 834 4914 archiepiscopum

416 4937 687 4996 Nidrcsicuscm.

420 5053 584 5112 1116161111).
602 5055 682 5112 lito.

290 5166 394 5230 [Lange
405 5167 542 5232 Diplomat.
556 5167 702 5231 Norwegic„
714 5169 734 5227 1,
749 5183 765 5227 t,
776 5167 813 5232 8.]

150 5275 186 5331 Ei
202 5271 362 5330 6161116161
377 5287 437 5342 eos,
454 5274 501 5346 qui
515 5273 656 5330 voluerint
671 5289 785 5332 crucem
802 5289 949 5332 assumere

188 5361 224 5418 ad
240 5363 333 5418 Terrae
353 5363 464 5419 Sancta
481 5360 638 5420 subsidium
658 5376 723 5419 oum
739 5361 868 5432 Skuloni,
884 5362 949 5420 duci

187 5449 364 5522 Norwegiae,
375 5450 454 5522 juxta
470 5447 591 5506 lormam
605 5450 741 5507 Ecclesia
756 5451 894 5508 absolvat.

194 5575 378 5646 Honorius,
408 5576 490 5646 616.,
518 5575 727 5638 Nidrosiensi
759 5575 948 5652 archiepis-

154 5687 249 5747 copo,
270 5673 333 5732 etc.

318 5815 432 5861 111161.
452 5817 526 5860 rous
546 5803 580 5862 V.

1040 1409 1119 1468 Cum
1135 1409 1221 1471 sieut
1236 1425 1278 1471 ex
1290 1411 1410 1474 litteris
1422 1411 1488 1473 tuis
1503 1413 1536 1473 et
1550 1411 1661 1489 utique
1672 1427 1792 1488 accep-

1000 1505 1118 1579 tamus,
1131 1506 1271 1569 dilectus
1287 1507 1375 1568 filius
1391 1508 1514 1570 nobilis
1529 1511 1581 1570 vir
1597 1509 1710 1580 Skulo,
1723 1509 1791 1569 dux

999 1603 1187 1678 Norvegiee,
1204 1605 1453 1681 crucesignatus
1473 1606 1515 1667 ad
1530 1607 1641 1667 Terrae
1661 1607 1792 1667 Sanctae

1000 1699 1182 1760 subsidium
1197 1715 1271 1761 eum
1287 1718 1464 1763 numerosa
1483 1703 1791 1778 crucesignatorum

1000 1794 1210 1857 multitudine
1231 1797 1407 1873 magnifice
1423 1815 1458 1858 se
1468 1799 1631 1874 accingat,
1646 1799 1791 1859 offerens

999 1892 1151 1952 omnibus
1162 1909 1274 1954 seeum
1290 1895 1506 1956 transfretare
1514 1896 1700 1958 volentibus
1713 1911 1792 1970 gra-

999 1988 1042 2048 tis
1062 1990 1233 2064 navigium
1254 1991 1326 2052 sine
1346 1992 1459 2064 naulo,
1476 1994 1513 2052 ut
1534 1995 1599 2052 tuae
1623 1993 1791 2068 praedica-

999 2085 1100 2146 tionis
1113 2086 1192 2146 tuba
1204 2088 1368 2148 excitatus
1384 2089 1525 2169 populus
1536 2089 1739 2150 christianus
1750 2088 1791 2148 ad

1000 2181 1096 2243 dictae
1120 2185 1231 2244 Terrae
1256 2184 1440 2246 subsidium
1467 2184 1586 2246 fortius
1613 2186 1789 2256 animetur,

1000 2278 1242 2341 fraternitatem
1261 2282 1351 2342 tuam
1380 2297 1553 2342 monemus
1575 2282 1711 2353 attente,
1732 2296 1792 2358 per

999 2375 1190 2452 apostolica
1201 2376 1261 2438 tibi
1276 2379 1399 2454 scripta
1410 2379 1617 2446 mandantes,
1629 2381 1792 2455 quatenus

1000 2473 1036 2533 in
1059 2474 1232 2549 provincia
1250 2474 1306 2536 tua
1328 2476 1536 2551 evangelizes
1560 2479 1593 2536 61
1618 2476 1793 2550 evangeli-

999 2571 1069 2630 zari
1084 2570 1188 2631 iacias
1208 2571 1401 2633 solemniter
1415 2572 1550 2633 verbum
1567 2573 1688 2644 crucis,
1707 2587 1793 2632 com·

1000 2665 1250 2728 116661661611116
1277 2669 1452 2730 universos
1474 2671 1506 2730 et
1530 2669 1679 2744 singulos
1699 2670 1789 2730 utin

1000 2765 1064 2825 huc
1078 2765 1287 2826 necessitatis
1303 2765 1443 2826 articulo
1454 2767 1651 2828 succurrant
1661 2767 1792 2828 christo

1001 2860 1107 2922 modis
1132 2861 1295 2933 omnibus
1316 2861 1436 2940 quibus
1459 2865 1612 2939 possunt,
1636 2863 1683 2924 ita
1706 2861 1792 2939 quod

1000 2959 1067 3019 tam
1087 2958 1147 3018 tibi
1163 2973 1261 3035 quam
1284 2959 1333 3018 eis
1357 2958 1511 3020 meritum
1530 2959 1792 3038 incomparabile

1001 3070 1184 3132 compares,
1207 3056 1239 3116 et
1255 3070 1315 3116 nos
1340 3055 1598 3117 sollicitudinem
1617 3058 1708 3118 tuam
1730 3055 1792 3117 de-

1000 3151 1136 3213 beamus
1148 3151 1257 3227 dignis
1270 3151 1451 3212 inDomino
1459 3151 1613 3212 laudibus
1625 3168 1794 3214 commen-

1002 3249 1092 3310 dare.
1108 3249 1158 3310 Ad
1184 3249 1257 3310 haec
1281 3249 1310 3309 si
1330 3249 1386 3326 qui
1413 3249 1646 3325 crucesignati,
1662 3249 1716 3311 vel
1738 3251 1795 3327 qui
1819 3245 1826 3260 '

1002 3362 1133 3408 crucem
1158 3361 1328 3407 assumere
1354 3345 1531 3419 volueriut,
1561 3362 1621 3423 pro
1647 3347 1794 3409 violenta

1002 3459 1159 3504 manuum
1174 3443 1353 3518 injectione
1368 3443 1435 3504 sint
1446 3443 1580 3504 vinculo
1596 3459 1793 3504 excommu-

1001 3540 1180 3621 nicationis
1203 3539 1363 3611 adstricti,
1394 3537 1588 3618 absolvendi
1614 3555 1671 3602 eos
1695 3542 1793 3617 juxta

1001 3637 1141 3697 formam
1163 3632 1319 3696 Ecclesiae
1340 3635 1401 3697 tibi
1421 3635 1632 3698 concedimus
1652 3637 1795 3720 faculta-

1000 3733 1078 3804 tem,
1105 3727 1171 3792 nisl
1198 3731 1282 3792 sorte
1308 3729 1391 3791 adeo
1416 3732 1460 3792 sit
1487 3747 1601 3792 eorum
1626 3733 1739 3808 gravis
1761 3735 1794 3794 61

1002 3829 1148 3890 enormis
1163 3841 1333 3900 excessus,
1349 3827 1435 3904 quod
1447 3829 1567 3890 merito
1589 3845 1655 3889 non
1671 3829 1737 3890 sint
1751 3827 1794 3890 ad

1004 3927 1122 3988 sedem
1136 3925 1361 4002 apostoticam
1375 3925 1576 3987 remittendi.
1596 3928 1714 3988 Datum
1729 3929 1795 3988 La·
1821 3961 1827 3966 -

1001 4023 1122 4096 teraui,
1135 4024 1165 4083 ll
1180 4037 1285 4084 nonas
1296 4021 1496 4097 novembris,
1506 4039 1593 4086 anno
1605 4023 1793 4086 undecimo?
1854 4017 1856 4020 ’

1370 4263 1433 4348 ΙΙΙ

1042 4413 1093 4472 Ad
1106 4411 1315 4486 magistrum
1334 4413 1536 4472 Witieimum
1551 4413 1593 4472 dc
1606 4412 1752 4485 Mareia,

1158 4509 1362 4570 canonicum
1376 4508 1634 4570 Caruotcmcm.

1266 4637 1427 4695 5116161111).
1446 4637 1524 4696 1226.

1044 4761 1166 4826 [Regest.,
1177 4759 1223 4812 lib.
1238 4760 1281 4819 xl,
1294 4774 1333 4824 ep.
1346 4759 1401 4810 3119.
1414 4761 1470 4811 1166.
1485 4760 1754 4828 mauruncium]

1002 4886 1071 4946 Cum
1086 4899 1118 4941 66
1132 4883 1289 4957 obligasset
1311 4898 1362 4956 pro
1378 4885 1411 4942 G.
1432 4883 1548 4942 lordani
1567 4885 1603 4943 de
1619 4886 1751 4955 Carneto,
1768 4893 1797 4944 61

1037 4975 1093 5030 1616
1116 4973 1239 5030 termino
1265 4979 1370 5030 statuto
1396 4973 1534 5031 creditum
1560 4989 1617 5030 non
1648 4975 1795 5044 solvisset,

1038 5060 1168 5120 Pontifex
1182 5060 1261 5118 illum
1280 5076 1297 5118 a
1316 5075 1392 5120 noxa
1406 5075 1491 5134 quam
1507 5062 1660 5118 incurrisse
1679 5061 1797 5120 timebat

1039 5149 1169 5220 absolvit,
1184 5147 1340 5206 dummodo
1355 5148 1543 5206 creditoribus
1557 5147 1723 5207 satisfaciat.

1044 5285 1221 5355 Honorius,
1234 5284 1309 5355 616.,
1322 5283 1441 5344 dilecto
1455 5281 1525 5343 filio
1539 5285 1697 5358 magistro
1710 5283 1798 5344 Wil-

1003 5381 1102 5442 lelmo
1140 5381 1181 5441 de
1213 5381 1357 5451 Merula,
1389 5381 1550 5440 canonico
1583 5380 1795 5452 carnotensi,

1005 5477 1156 5551 salutem,
1172 5478 1234 5539 etc.

1045 5576 1125 5635 Cum
1154 5573 1233 5635 olim
1257 5573 1293 5633 tu
1317 5587 1392 5633 cum
1416 5573 1611 5650 quibusdam
1636 5573 1713 5634 aliis
1738 5587 1797 5650 pro

1006 5675 1043 5732 G.
1059 5671 1197 5734 Jordani
1210 5670 1250 5730 de
1265 5671 1408 5730 carnoto
1421 5671 1543 5731 clerico
1555 5671 1588 5732 te
1601 5671 1798 5750 quibusdam

1576 5802 1593 5858 t·
