4114 6322
721 303 949 392 errsronai.
973 331 1052 394 ms.
1074 332 1117 392 x,

91 334 158 394 117

1684 335 1742 396 118

90 493 305 572 supplicasti,
326 491 373 564 ut,
393 507 468 556 cnm
481 489 674 568 adimpletio
694 490 891 568 promissio·
945 489 1172 566 apostolicum
1191 492 1362 570 revocari3
1382 508 1459 556 cum
1472 509 1573 570 super
1587 494 1650 556 hoo
1663 509 1743 571 pro-

92 591 163 662 nis,
181 607 246 668 qua
262 590 319 652 diu
334 589 411 652 ante
424 589 611 666 captionem
628 589 717 650 tuam
730 589 763 650 te
776 587 893 652 solem·
947 588 1118 662 ponerent,
1135 588 1268 666 alonge
1288 589 1437 668 tempore
1457 592 1623 654 inutiliter
1643 592 1741 654 labo-

92 689 188 750 niter
201 688 370 764 obligaras
384 687 426 747 ad
441 685 627 748 subsidium
637 689 748 748 Terrae
762 686 892 746 Sanctae
946 686 1072 762 ratum3
1091 701 1152 748 nos
1171 687 1320 749 volentes
1340 690 1490 764 partibus
1513 690 1549 749 in
1571 689 1742 752 laboribus

92 784 275 860 magnifice
306 784 584 860 impendendum,
612 799 672 860 par
695 783 757 844 hoc
786 783 893 859 impe-
947 797 1096 858 parcere,
1115 799 1155 846 ac
1172 785 1340 862 expensis,
1356 786 1540 848 venerabili
1559 785 1656 848 fratri
1669 803 1743 848 nos·

93 883 209 946 diatur
231 882 366 944 omnino
386 882 419 942 et
443 881 540 942 dictae
561 881 711 958 pecuniae
726 881 893 958 quantitas
947 879 999 942 tro
1030 881 1189 942 vaciensi
1222 883 1394 960 episcopo,
1429 885 1465 946 et
1498 885 1635 960 collegis
1670 885 1741 945 suis

92 981 174 1042 tuas
187 979 363 1040 facultates
374 979 525 1052 excedat,
537 994 577 1040 ao
592 993 651 1056 per
663 979 727 1040 hoc
739 979 893 1055 compelli
949 977 1154 1054 scripsimus,
1171 980 1223 1050 ut,
1243 981 1328 1041 eiad
1344 981 1535 1043 mandatum
1551 997 1665 1042 eorum
1679 984 1740 1059 ju-

94 1093 166 1138 ncn
188 1076 310 1140 debeas
334 1076 376 1136 ad
403 1076 603 1138 solutionem
625 1075 791 1152 ejusdem,
818 1091 893 1138 cum
948 1075 1049 1148 dices,
1066 1077 1185 1152 quibus
1209 1078 1410 1154 quaestiones
1435 1079 1624 1156 hujusmodi
1648 1079 1741 1156 prius

94 1191 195 1238 uerno
208 1174 250 1235 ad
262 1172 468 1250 impossibile
483 1173 527 1236 sit
543 1172 722 1250 cogendus,
739 1173 893 1250 idemque
948 1174 1132 1236 commissae
1148 1175 1290 1247 luerunt,
1308 1192 1413 1252 usque
1429 1176 1470 1236 ad
1490 1177 1616 1238 certum
1631 1175 1743 1238 termi-

89 1271 322 1350 juramentum
339 1287 360 1332 a
383 1271 415 1332 te
437 1270 538 1332 luerit
556 1285 616 1348 per
629 1272 754 1338 metum
769 1271 803 1332 et
823 1272 891 1332 vim
948 1285 1028 1330 num
1043 1271 1265 1333 finalitcrnon
1276 1273 1603 1349 procederent'juxta
1616 1273 1742 1334 formas

93 1367 309 1432 manifestam
320 1369 496 1440 extortum,
511 1384 551 1430 ac
566 1384 625 1444 per
637 1369 700 1430 hoc
715 1368 757 1430 ad
771 1367 891 1430 obser·-
948 1366 1012 1427 sibi
1046 1369 1186 1429 traditas
1219 1369 1254 1429 in
1290 1369 1436 1444 eisdem;
1469 1370 1534 1446 ipsi
1562 1370 1623 1430 sub
1652 1373 1743 1432 certa

93 1468 267 1530 nationem
285 1482 353 1528 non
375 1466 524 1530 tenearis
549 1466 712 1544 ejusdam,
732 1482 807 1527 cum
831 1481 891 1540 ea,
948 1463 1065 1536 forma,
1087 1481 1186 1542 quam
1203 1465 1252 1526 eis
1274 1465 1435 1538 dedimus,
1452 1467 1489 1526 in
1502 1467 1643 1541 negotiis
1659 1482 1741 1542 pro-

93 1581 172 1642 quae
193 1565 244 1628 vis
265 1564 412 1626 metusve
434 1579 536 1624 causa
549 1563 643 1636 liunt,
667 1579 735 1625 non
750 1562 894 1626 debeant
948 1561 1114 1634 cedentes,
1140 1562 1181 1622 ad
1204 1578 1265 1623 nos
1290 1563 1425 1640 easdem
1454 1563 1660 1624 sufficienter
1683 1563 1741 1624 in-

95 1677 173 1724 esse
185 1661 269 1733 rata,
283 1660 457 1737 dictusque
470 1675 580 1722 comes
593 1661 627 1722 te
644 1660 807 1737 capiendo
822 1660 894 1722 nin·
948 1658 1090 1720 structas
1114 1659 1284 1720 remittere
1308 1661 1537 1736 procurarent.
1569 1660 1742 1722 Prioribus

96 1758 210 1820 culum
236 1756 407 1818 fidelitatis
434 1755 614 1834 abruperit,
645 1756 893 1834 propterquod
948 1755 1052 1830 igitur
1068 1755 1238 1834 judicibus
1261 1771 1328 1816 non
1352 1755 1626 1833 procedentibuS,
1654 1757 1743 1818 infra

95 1855 198 1916 fldem
210 1867 345 1916 servare
357 1869 424 1915 non
437 1853 561 1914 teneris
574 1853 692 1925 eidem,
706 1869 782 1915 cum
796 1853 893 1915 tidem
951 1853 1126 1914 terminum
1139 1853 1408 1930 apostericribns
1416 1854 1633 1929 assignatum,
1642 1853 1743 1914 iidem

96 1967 167 2014 non
182 1951 330 2014 servanti
344 1950 426 2012 fides
441 1965 509 2012 non
523 1950 641 2012 debeat
655 1950 837 2023 observari,
860 1951 893 2012 te
948 1950 1149 2027 posteriores
1164 1951 1319 2026 exigente
1338 1950 1476 2012 alterius
1494 1952 1599 2027 partis
1623 1952 1742 2012 contu-

96 2066 118 2112 a
135 2049 295 2126 praedicto
311 2049 502 2125 jnramento
526 2047 568 2110 ad
587 2049 753 2110 cautelam
777 2047 892 2109 absol·-
951 2047 1073 2122 macla,
1098 2063 1172 2110 cum
1185 2047 1239 2120 lis,
1265 2048 1351 2109 sicut
1364 2047 1557 2126 praedictum
1579 2049 1639 2120 est,
1656 2064 1741 2110 con-

96 2162 178 2208 cere
195 2145 422 2222 dignaremur.
441 2146 510 2206 Nos
529 2144 632 2221 igitur
646 2146 781 2222 propter
801 2161 893 2222 prae·
947 2143 1068 2206 testata
1101 2143 1241 2216 fuisset,
1276 2145 1317 2205 ad
1354 2145 1577 2221 receptionem
1607 2146 1742 2207 testium

97 2243 289 2319 assignatas
306 2257 425 2304 causas
449 2242 483 2304 et
503 2243 579 2318 quia
600 2243 795 2319 prophetica
811 2257 894 2304 voce
949 2241 1145 2303 monasterii
1168 2241 1396 2318 procedentes,
1414 2257 1548 2302 causam
1563 2241 1605 2302 ad
1626 2244 1743 2304 sedem

96 2355 273 2401 monemur
285 2339 468 2402 dissolvere
479 2336 894 2416 colligationeeimpietatis
948 2339 1172 2415 Apostolicam
1195 2339 1355 2400 remisere
1379 2337 1516 2416 praefixo
1534 2339 1637 2417 jnst0,
1656 2339 1744 2416 quod

98 2438 133 2498 et
147 2435 324 2499 fasciculos
341 2437 565 2514 deprimentes
580 2453 620 2498 ae
634 2437 800 2498 dimittere
815 2452 892 2508 ecs,
949 2435 997 2498 eis
1020 2437 1268 2510 mandavimus,
1297 2437 1387 2498 certo
1413 2435 1553 2498 termino
1578 2435 1742 2514 partibus,

97 2535 156 2612 qui
179 2533 340 2597 contracti
362 2535 449 2605 sunt,
477 2533 602 2594 liberos
627 2533 660 2594 et
685 2550 770 2595 onus
796 2549 894 2595 omne
949 2550 1013 2611 quo
1034 2549 1094 2620 per
1118 2550 1153 2595 se
1180 2535 1233 2596 val
1255 2534 1488 2611 procuratores
1509 2533 1646 2595 idoneos
1668 2549 1743 2596 cum

97 2631 317 2708 disrumpere,
333 2633 367 2693 te
382 2632 604 2706 ajuramento
620 2629 823 2692 absolvimus
844 2631 895 2691 sic
949 2630 1101 2694 omnibus
1121 2632 1352 2694 instrumentis
1367 2633 1400 2693 et
1413 2632 1601 2693 rationibus
1622 2631 1692 2692 suis
1706 2631 1744 2692 in

96 2728 228 2790 extorto
254 2729 287 2791 et
306 2729 397 2790 omni
420 2743 475 2801 eo,
492 2728 578 2806 quod
598 2743 641 2788 ex
656 2728 730 2804 ipso
744 2729 895 2790 noscitur
949 2731 1063 2792 nostra
1077 2731 1257 2806 prasentia
1271 2730 1512 2806 comparerent.
1536 2729 1618 2790 Dato
1630 2729 1746 2806 itaque

99 2841 176 2886 esse
191 2827 351 2896 secutum,
376 2842 450 2888 cum
465 2825 693 2902 juramentum
707 2825 894 2902 iniquitatis
949 2842 1049 2903 super
1061 2827 1156 2888 hoca
1173 2827 1465 2890 nobisrenorabili
1476 2826 1741 2888 iratreuostro...

99 2923 272 2985 vinculum
287 2939 361 2984 esse
376 2939 443 2984 non
459 2923 586 2995 debeat,
607 2923 665 2984 sed
681 2923 820 2999 justitie
836 2922 896 2983 tlr-
948 2923 1130 2986 Albanensi
1150 2925 1305 3002 episcopo
1323 2925 1487 2996 auditore,
1510 2939 1550 2985 ac
1569 2938 1682 2986 coram
1702 2938 1743 2984 eo

99 3019 896 3096 mamertumlnhujusautemabsolutionistes·
949 3021 1164 3099 procuratore
1196 3023 1407 3098 comparente
1434 3021 1640 3092 monasterii,
1664 3031 1747 3097 pars·
1816 3071 1817 3076 ,

99 3119 277 3179 timonium
291 3119 477 3194 praesentes
500 3117 628 3180 litteras
643 3119 712 3179 tuae
727 3117 895 3180 devotioni
949 3119 1091 3182 adversa
1110 3135 1178 3180 nou
1204 3120 1305 3192 venit,
1330 3135 1392 3180 nec
1414 3120 1663 3194 procuratorem
1683 3134 1743 3194 pro

101 3215 259 3276 duximus
287 3215 528 3276 concedendas.
562 3215 681 3277 Datum
712 3215 889 3288 Laterani,
950 3232 986 3277 se
1009 3217 1168 3278 idoneum
1186 3217 1377 3289 destinavit,
1391 3219 1465 3293 post
1478 3217 1658 3278 terminum
1672 3215 1746 3275 diu-

99 3315 146 3374 vi
166 3311 233 3374 bal.
251 3313 395 3390 julii.....
471 3357 475 3368 .
948 3314 1016 3375 tius
1042 3314 1256 3390 exspectatu3
1285 3313 1326 3375 cb
1353 3317 1448 3390 cujus
1476 3313 1640 3375 delectum
1675 3327 1745 3376 non

950 3412 1057 3488 potuit
1070 3412 1240 3487 negotium
1254 3411 1440 3480 terminari,
1454 3411 1534 3472 licet
1546 3410 1653 3472 orcus
1665 3423 1746 3486 pro·

421 3549 573 3638 CLXXI
951 3510 1086 3570 curator
1106 3507 1232 3570 diceret
1254 3523 1391 3570 causam
1417 3523 1516 3570 suam
1536 3522 1596 3583 per
1620 3507 1741 3578 testes,

342 3651 347 3664 .
553 3627 558 3636 ·
950 3608 983 3670 et
1004 3605 1180 3684 privilegia
1197 3607 1230 3668 et
1252 3605 1321 3666 alia
1341 3605 1646 3680 momentaque
1663 3619 1744 3680 pro-

97 3705 215 3764 Adde
234 3705 297 3763 Bel
315 3715 356 3764 nc
378 3703 419 3762 cte
446 3701 580 3763 Wcrtcs
602 3700 751 3768 abbates,
776 3700 810 3761 et
834 3714 896 3761 cr-

135 3802 374 3862 cnmnconnm
403 3801 445 3860 dc
471 3798 597 3860 Soracte
618 3800 770 3869 Antoren,
797 3799 894 3858 Wes-

134 3897 341 3970 prtmtcnsts
368 3898 534 3958 dioecesis.

403 4033 420 4090 Ι
435 4033 497 4107 julii
513 4033 594 4090 1226.

184 4156 275 4220 [Fejer‚
293 4157 354 4207 Cod.
373 4155 480 4220 diplom.
496 4155 640 4219 Hungariae,
655 4155 699 4215 111,
715 4169 744 4214 u,
761 4154 813 4220 db]

950 3802 984 3862 et
1002 3801 1127 3879 pateret
1136 3799 1178 3861 ad
1191 3800 1355 3869 calculum
1373 3799 1547 3861 sententiae
1561 3798 1742 3860 definitivae

950 3897 1095 3974 procedi,
1111 3898 1165 3960 vel
1177 3897 1296 3960 saltem
1311 3899 1439 3976 partem
1459 3912 1554 3958 suam
1571 3897 1607 3957 in
1622 3911 1742 3973 corpo-

950 3995 1054 4056 ralem
1081 3995 1325 4072 possessionem
1347 4011 1459 4056 rerum
1481 3996 1658 4072 petitarum
1682 3994 1741 4054 in-

950 4093 1038 4161 duci,
1058 4095 1091 4154 et
1105 4093 1274 4154 inductam
1295 4093 1331 4153 in
1346 4095 1420 4170 ipsa
1434 4092 1584 4167 detendi;
1607 4091 1743 4154 taudem

950 4191 1082 4268 petente
1095 4191 1312 4267 procuratore
1326 4190 1484 4266 praedicto
1505 4190 1633 4265 partem
1655 4188 1744 4248 alte-

950 3705 1045 3766 duxit
1066 3705 1101 3764 in
1121 3703 1276 3774 medium,
1300 3701 1505 3766 sufficienter
1529 3703 1742 3774 instructam,
1832 3708 1836 3722 ‘

100 4280 305 4338 Excurtionem
325 4280 475 4338 sententiae
499 4287 596 4338 contra
615 4281 784 4352 episcopum
803 4287 831 4338 et
845 4294 894 4338 ca·

134 4370 256 4442 pitulum
270 4369 474 4442 depromeres,
494 4369 524 4426 in
539 4383 626 4426 causa
642 4367 828 4437 decimarum,
845 4383 896 4440 pro

138 4457 242 4514 abbate
260 4459 365 4515 montis
383 4457 550 4526 Pannoniae,
563 4457 646 4514 novis
660 4456 802 4530 delegatis
815 4472 894 4514 com·

138 4547 234 4602 mittit.

142 4682 320 4752 Honorius,
330 4683 405 4752 etc,
418 4681 459 4742 de
473 4681 582 4754 Bel...,
596 4681 637 4742 de
646 4682 778 4744 Wertes
793 4680 897 4742 abba-

98 4777 202 4848 tibus,
218 4781 252 4838 et
262 4777 499 4840 archidiacono
516 4781 636 4842 Sancto
647 4779 791 4850 andrea,
802 4781 897 4839 Wes-

950 4303 1023 4349 ram
1047 4288 1182 4364 propter
1199 4285 1364 4386 desectpm
1379 4287 1485 4362 ipsius
1500 4285 1535 4345 in
1555 4284 1743 4360 expensisa

950 4385 1152 4446 monasterio
1174 4383 1270 4444 tactis
1288 4383 1512 4453 condemnari,
1533 4397 1616 4458 quas
1636 4381 1743 4441 dictus

952 4482 1148 4559 procurator
1169 4482 1300 4542 centum
1331 4480 1500 4555 octoginta
1524 4493 1654 4540 marcas
1682 4493 1744 4538 ar-

950 4579 1043 4656 genti
1058 4579 1248 4656 etamplius
1263 4577 1467 4653 aestimabat3
1490 4577 1598 4639 dictus
1619 4577 1746 4654 episco-

951 4693 1013 4754 pus
1027 4677 1200 4740 taxatione
1211 4677 1385 4753 praemissa
1395 4677 1428 4736 et
1436 4677 1627 4752 juramento
1645 4689 1746 4751 super

951 4776 1014 4836 boc
1044 4775 1085 4836 ab
1120 4775 1235 4836 eodem
1268 4775 1486 4850 procuratore
1521 4777 1674 4849 recepto,
1708 4773 1744 4834 in

98 4875 292 4951 primiensis
307 4875 472 4947 dioecesis,
490 4877 552 4936 etc.
952 4873 1128 4948 sexaginta
1152 4871 1273 4932 marcis
1293 4870 1424 4946 argenti
1446 4885 1669 4947 expensarum
1688 4885 1746 4931 no-

142 4970 333 5032 Petentibus
355 4970 477 5031 dudum
498 4971 628 5032 dilectis
644 4967 760 5032 tiliis...
777 4970 896 5032 abbate
951 4971 1041 5030 mine
1073 4967 1315 5030 condemnarit.
1349 4969 1512 5039 Quocirca
1536 4968 1742 5038 mandamus,

99 5071 135 5129 et
153 5071 318 5130 conventu
339 5069 534 5157 monasterii
562 5069 674 5130 Sancti
700 5069 837 5130 Martini
856 5069 896 5130 de
951 5067 1114 5145 quatenus
1125 5065 1165 5127 ad
1178 5065 1376 5127 solutionem
1387 5079 1610 5143 expensarum
1626 5065 1746 5140 hujus-

98 5165 276 5226 Panucnia
297 5162 520 5242 quaestiones,
542 5181 625 5242 quas
652 5181 752 5242 super
781 5165 894 5226 eccle·
950 5164 1051 5232 modi,
1066 5164 1240 5239 sexaginta
1256 5179 1446 5224 marcarum
1461 5161 1744 5229 videlicet,dictos

97 5263 173 5334 siis,
198 5263 346 5335 decimis,
373 5265 406 5325 at
430 5263 530 5324 rebus
550 5263 628 5324 aliis
647 5263 683 5323 in
704 5264 896 5338 Simigiensi
951 5263 1153 5338 episcopum,
1164 5262 1197 5322 et
1209 5261 1391 5337 capitulum
1403 5258 1600 5320 auctoritate
1615 5260 1741 5326 nostra,

97 5360 259 5422 comitatu
280 5361 396 5421 contra
415 5359 642 5422 venerabitem
662 5359 799 5421 tratrem
812 5375 896 5420 nos·
951 5358 1080 5420 sublato
1103 5357 1337 5435 appellationis
1360 5355 1541 5428 obstaculo,
1558 5356 1744 5432 compella-

96 5456 895 5534 trum...episcopumetcapitulumZagrabiense
949 5457 1013 5531 tis3
1036 5455 1179 5516 citantes
1191 5453 1396 5531 postmodum
1408 5455 1520 5529 partes
1540 5453 1580 5513 ad
1596 5455 1744 5513 nostram

96 5553 282 5626 habebant,
308 5569 411 5632 super
430 5553 550 5632 quibus
563 5555 715 5631 tempore
727 5555 895 5630 generalis
950 5553 1173 5630 praesentiam,
1188 5553 1221 5613 et
1235 5550 1424 5628 proximum
1435 5551 1608 5612 venturum
1623 5549 1744 5609 testum

96 5652 239 5714 Consilii
263 5650 306 5712 lis
333 5651 442 5714 tuerat
470 5652 665 5722 contestata,
686 5652 727 5714 ad
754 5665 895 5714 examen
950 5650 1143 5715 Natiuitatis
1179 5647 1358 5710 Dominicae
1388 5647 1564 5708 terminum
1591 5645 1640 5707 eis
1669 5660 1746 5722 per-
