4174 6324
269 317 302 374 ll
883 311 1059 375 nononu
1082 273 1296 372 uxoreae.
1867 317 1903 377 la

267 473 379 534 autem
416 471 556 534 dilectus
586 472 674 532 filius
701 473 768 544 W„
801 471 1058 534 archidiaconus

266 569 1057 646 Barri...suo‚etprocuratorionominequorum·

268 667 342 728 dam
362 667 504 728 aliorum
532 667 573 726 de
601 667 746 742 capitulo
775 667 988 741 Lingouensi,
1018 681 1058 728 ac

269 764 424 838 magister
452 763 569 822 domus
599 763 799 824 llorinensis
829 764 1057 840 comparentes

196 844 199 851 ’
267 861 300 922 in
316 864 429 920 nostra
443 861 620 935 prasentia
643 875 827 936 proponere
843 863 1054 930 curaverunt,

266 957 351 1034 qrred
370 957 493 1018 eisdem
508 957 626 1018 litteris
641 957 675 1016 in
691 957 836 1033 capitulo
853 957 1055 1032 Lingonensi

264 1054 431 1129 perlectis,
459 1055 622 1129 praesente
638 1069 767 1130 qtroque
790 1055 949 1128 magistro
974 1053 1056 1114 Hie·

264 1150 494 1226 rosolpmitani
524 1151 704 1226 Hospitalis
725 1151 760 1210 in
784 1151 937 1222 Francia,
955 1149 1056 1212 totius

264 1247 400 1323 capituli
416 1247 637 1322 Lingonensis
658 1263 796 1308 concors
818 1247 971 1308 voluntas
995 1261 1057 1308 ex-

262 1345 339 1415 titit,
355 1346 388 1406 et
403 1345 581 1415 unanimis,
599 1345 684 1422 quod
697 1344 789 1406 nullo
804 1344 900 1407 modo
915 1359 1056 1406 conser-

260 1444 388 1502 teretur
401 1442 436 1502 in
452 1442 556 1504 alium
569 1441 718 1502 ordinem
729 1442 845 1504 domus
855 1442 927 1517 ipsa
937 1457 1057 1518 quam-

261 1538 318 1598 diu
334 1539 474 1614 reperiri
488 1539 542 1600 via
558 1539 678 1615 posset,
694 1555 865 1616 perquam
881 1539 915 1600 in
932 1539 1055 1600 statum

260 1635 389 1696 valeret
417 1635 561 1696 debitum
587 1635 774 1708 reformari,
799 1636 952 1712 pluribus
977 1637 1055 1696 tunc

261 1749 303 1798 ex
329 1736 422 1810 parte
444 1734 560 1794 domus
588 1733 746 1809 ejusdem,
774 1735 806 1793 et
835 1734 1055 1808 Lingonensis

261 1832 411 1892 ecclesiae
423 1831 586 1906 allegatis,
603 1831 636 1890 et
656 1831 833 1906 propositis
856 1829 1052 1900 rationibus,

260 1929 434 2004 exquibus
450 1929 481 1988 id
498 1944 559 1988 nec
575 1928 647 1988 fieri
662 1928 801 2003 poterat,
820 1943 880 1988 nec
902 1926 1053 1994 debebat,

260 2027 293 2088 et
306 2025 346 2086 ob
363 2025 424 2086 boc
443 2027 510 2086 tam
524 2027 670 2100 exparte
695 2024 811 2084 domus
833 2024 866 2084 et
891 2023 1052 2094 ecclesiae,

261 2139 358 2199 quam
388 2122 604 2197 quorumdam
633 2121 945 2182 arellidiacouorum
970 2121 1053 2182 Lin-

261 2219 469 2296 golensium,
486 2219 641 2280 videlicet
652 2218 757 2294 ipsius
774 2220 826 2276 W.
841 2221 875 2279 et
891 2219 930 2278 de
947 2219 1055 2278 Bassi·

260 2319 382 2393 gnicio,
398 2332 537 2394 otiorum
553 2315 1052 2392 diciturspecialiterinteresse,

260 2415 482 2492 appellatione
504 2413 678 2473 adsedem
698 2413 921 2488 apostolicam
943 2413 1052 2473 inter-

260 2513 379 2588 posita,
394 2527 436 2572 ne
456 2513 658 2572 memoratus
677 2511 852 2586 episcopus
879 2509 1054 2569 occasione

259 2609 407 2669 mandati
424 2609 530 2668 nostri
551 2623 651 2682 super
666 2607 728 2667 boc
743 2606 869 2683 aliquid
894 2607 1052 2668 immuta-

259 2707 320 2768 ret.
350 2705 444 2766 Unde
465 2705 655 2779 intelligens
680 2705 766 2764 idem
796 2705 971 2780 episcopus
1000 2719 1050 2774 ea,

260 2820 333 2880 quae
348 2819 459 2863 coram
475 2803 545 2878 ipso
561 2803 695 2862 fuerunt
718 2802 887 2878 proposita
909 2803 976 2862 tam
991 2816 1051 2860 ra-

259 2903 360 2972 tione,
386 2915 483 2977 quam
509 2899 648 2959 veritate
672 2899 807 2958 suffulta
834 2899 939 2958 noltrit
966 2898 1052 2958 ultra

261 2998 440 3076 procedere
473 2996 507 3055 in
537 2997 681 3070 negotio,
711 2996 768 3055 sed
802 2995 883 3054 illud
918 2994 959 3054 ad
991 3011 1052 3054 nos

261 3096 356 3155 duxit
370 3095 534 3168 integrum
547 3093 792 3163 remittendum,
806 3093 903 3166 prout
920 3092 954 3150 in
970 3091 1054 3150 rela-

260 3193 351 3253 tione
367 3190 598 3251 continebatur
621 3189 715 3250 nobis
731 3187 890 3259 exhibita,
910 3203 983 3263 qnae
1001 3188 1054 3262 ip-

262 3289 331 3348 sius
346 3287 491 3364 episcopi
506 3287 651 3346 existere
675 3284 856 3344 dicebatur.
882 3283 970 3343 ldem
986 3284 1052 3343 ita-

260 3403 324 3462 que
339 3385 594 3446 archidiaconus
608 3383 714 3453 Barri,
727 3385 759 3442 et
773 3381 880 3441 dictus
896 3381 1054 3454 magister

259 3482 514 3559 appellationem
545 3481 782 3557 prosequentes
804 3477 953 3539 eamdem
978 3493 1052 3537 cum

261 3580 365 3640 multa
388 3595 521 3655 precum
537 3579 696 3640 instantia
708 3576 927 3653 postularunt,
944 3575 979 3636 ut
992 3575 1052 3636 tali

262 3677 378 3737 domus
396 3677 502 3752 ipsius
514 3676 695 3736 mutatione
708 3689 781 3749 quae
797 3675 930 3749 propter
941 3671 1055 3732 multi-

262 3775 365 3851 plices
387 3773 534 3834 rationes
556 3773 703 3832 dexterae
728 3771 860 3830 Excelsi
881 3787 947 3830 non
967 3771 1055 3830 esset

263 3873 393 3948 penitus
406 3871 594 3936 interdicta,
608 3869 715 3928 eidem
728 3866 954 3928 inhiberemus
964 3866 1054 3941 epis-

262 3985 344 4044 copo
359 3985 401 4028 ne
417 3967 559 4042 amplius
574 3964 692 4025 debeat
706 3965 746 4024 ad
769 3979 841 4024 eam
869 3963 1053 4023 faciendam

263 4065 445 4134 intendere,
461 4063 518 4124 sed
533 4062 574 4123 ad
587 4062 857 4122 reformationem
871 4059 1055 4135 domuspo-

262 4165 330 4224 tius
344 4163 407 4222 sibi
420 4163 532 4236 utique
546 4175 612 4220 non
625 4158 794 4218 difficilem
809 4159 980 4234 paternam
992 4156 1055 4216 sol·

262 4261 468 4321 licitudinem
483 4257 652 4318 adbibere.
663 4258 804 4316 Hcontra
817 4271 895 4315 vero
906 4269 948 4314 ex
961 4255 1054 4329 parte

264 4361 417 4419 Fratrum
450 4354 744 4430 Hierosolymitani
779 4351 960 4428 Hospitalis
994 4349 1056 4411 fuit

262 4456 466 4532 propositum
483 4451 713 4521 coramnobis,
740 4449 825 4526 quod
850 4449 889 4508 de
914 4463 1053 4509 conces-

264 4554 358 4612 sione
374 4550 604 4627 praenominati
620 4548 802 4622 episcopi...
832 4546 950 4604 decani
975 4544 1056 4604 Lin-

264 4648 431 4726 gonensis‚
468 4649 500 4706 et
533 4646 686 4705 Fratrum
723 4643 839 4701 domus
877 4642 1055 4701 lllormonti

263 4747 383 4815 extitit,
398 4747 430 4804 et
443 4758 595 4811 assensn,
611 4741 695 4816 qrrod
710 4740 744 4798 in
758 4738 906 4798 ordinem
930 4737 1054 4797 Hiero-

264 4841 454 4920 solymitani
470 4838 651 4914 Hospitalis
667 4837 917 4898 converteretur
940 4835 1055 4893 domus

263 4931 1057 5017 praedicta,s11perquoetiamconfectaedicuntur

264 5040 384 5100 litterae
397 5037 438 5098 ab
455 5035 609 5112 episcopo
625 5033 816 5102 memorate,
827 5031 883 5108 qui
898 5047 971 5091 cum
984 5029 1056 5105 ple-

264 5153 339 5197 nam
352 5137 384 5195 in
401 5136 496 5196 domo
508 5129 857 5208 ipsajurisdictionem
867 5127 998 5192 lrabeat,
1010 5127 1054 5186 ita

264 5223 1054 5312 quodirrequisitobingonensicapitulo‚etaliis

264 5331 371 5410 potest
384 5329 428 5389 ibi
438 5327 630 5396 reformare,
640 5341 678 5385 ac
690 5323 868 5396 corrigere,
879 5321 976 5397 prout
986 5335 1056 5380 cor·

263 5426 432 5492 rectionis,
450 5426 482 5485 et
497 5421 742 5484 reformationis
760 5421 809 5479 est
829 5418 973 5479 officium
989 5432 1054 5492 op-

265 5526 452 5603 portunum,
464 5524 535 5600 ejus
547 5521 729 5590 concessio,
742 5515 967 5578 nonobstante
981 5531 1056 5574 con·

163 5690 166 5696 ,
263 5621 460 5684 tradictione
482 5617 668 5697 cujuslibet,
693 5616 787 5676 firma
810 5613 905 5675 debet
925 5612 1053 5679 baberi,

1112 469 1256 532 maxime
1269 485 1344 530 cum
1358 468 1459 532 iidem
1474 471 1608 534 Fratres
1623 470 1804 548 Hospitalis
1818 471 1901 532 Hie·-

1111 567 1341 644 rosolymitani
1365 567 1432 628 sint
1452 581 1570 630 carere
1590 567 1798 644 paratiquod
1818 567 1902 630 nulli

1111 680 1153 726 ex
1188 665 1250 726 boc
1280 665 1413 741 aliquod
1447 665 1677 740 praejudicium
1708 669 1899 740 generatur.

1112 763 1193 834 Quia
1210 778 1289 824 vero
1305 778 1405 838 super
1422 762 1474 822 bis
1499 762 1594 822 nobis
1615 779 1681 824 non
1705 764 1813 839 potuit
1828 763 1902 824 fleri

1112 861 1208 936 plena
1225 860 1316 932 fides,
1329 859 1521 920 discretioni
1536 861 1654 920 vestrae
1680 877 1740 935 per
1760 862 1902 936 Aposto-

1110 957 1172 1017 lica
1191 958 1314 1032 scripta
1326 958 1520 1018 mandamus
1535 959 1697 1034 quatenns
1711 958 1739 1018 si
1755 957 1901 1021 nondum

1110 1055 1236 1116 eisdem
1261 1053 1432 1116 Fratribus
1455 1054 1541 1116 facta
1570 1057 1620 1114 est
1641 1055 1681 1114 de
1707 1055 1804 1116 domo
1828 1056 1902 1130 ipsa

1110 1151 1294 1222 concessio,
1321 1151 1378 1211 sed
1406 1167 1461 1212 res
1483 1151 1598 1211 existit
1624 1151 1733 1212 adhuc
1759 1152 1901 1228 integra,

1111 1248 1198 1308 sicut
1212 1248 1334 1309 dicitur
1348 1264 1390 1308 ex
1402 1248 1552 1319 adverse,
1568 1248 1600 1310 et
1612 1247 1692 1310 dicti
1711 1249 1897 1325 episcopus

1110 1346 1142 1406 et
1158 1345 1340 1420 capitulum
1357 1360 1397 1406 ac
1422 1345 1582 1419 magister
1606 1347 1745 1420 possunt
1768 1345 1901 1411 domun

1110 1442 1258 1507 eamdem
1271 1441 1305 1502 in
1322 1458 1382 1502 suo
1397 1441 1514 1502 ordine
1524 1442 1718 1513 reformare,
1735 1457 1795 1504 vos
1814 1443 1847 1507 id
1861 1442 1902 1504 ab

1110 1540 1159 1600 eis
1180 1539 1252 1600 fieri
1267 1539 1464 1600 auctoritate
1486 1539 1676 1615 apostoliea
1701 1540 1900 1602 concedetis.

1110 1636 1199 1707 Quod
1230 1637 1259 1696 si
1286 1653 1350 1696 non
1388 1637 1526 1712 possunt
1558 1636 1599 1696 ad
1629 1635 1901 1700 reformationem

1109 1733 1309 1810 hujusmodi,
1346 1733 1461 1794 eadem
1494 1734 1690 1796 auctoritate
1721 1734 1900 1810 procedere

1108 1831 1302 1907 procuretis.
1320 1831 1354 1890 Si
1370 1847 1449 1892 vero
1464 1847 1517 1890 res
1542 1831 1672 1905 integra
1687 1847 1754 1892 non
1773 1831 1898 1902 existit,

1109 1929 1234 1988 secatis
1248 1929 1303 2003 qui
1318 1927 1440 1988 fuerint
1455 1928 1627 1998 evocandi,
1648 1928 1734 2004 quod
1761 1929 1902 1988 canoni-

1108 2041 1181 2086 cum
1193 2025 1293 2086 fuerit
1305 2025 1469 2086 statuatis.
1478 2027 1590 2085 Testes
1604 2027 1797 2096 antemetc.
1810 2026 1902 2096 Quod

1108 2122 1137 2180 si
1151 2139 1218 2184 non
1242 2138 1367 2189 omnes,
1393 2125 1455 2182 etc.
1473 2123 1591 2182 Datum
1612 2124 1728 2192 Reate,
1741 2125 1815 2184 XIV
1834 2121 1900 2182 ka-

1108 2219 1223 2278 lendas
1246 2219 1417 2290 februarii,
1444 2219 1655 2294 pontificatus
1681 2219 1787 2284 nostri
1811 2233 1901 2282 anno

1109 2316 1247 2376 decimo.

1394 2545 1607 2634 LXXXVII

1107 2698 1158 2755 Ad
1183 2697 1389 2769 episcopum,
1413 2699 1580 2756 decoctum
1603 2695 1637 2755 ct
1661 2696 1899 2757 scholasticum

1384 2795 1626 2852 Torrtccenses

1369 2921 1401 2980 tl
1419 2921 1544 2994 januarii
1560 2921 1636 2978 1226.

1149 3043 1268 3108 [liegest.,
1279 3044 1324 3094 lib.
1340 3043 1371 3100 X,
1383 3059 1422 3108 ep.
1441 3044 1493 3094 lea.
1510 3045 1566 3094 llss.
1580 3045 1616 3094 La
1626 3044 1701 3094 Porta
1714 3045 1748 3094 du
1759 3044 1852 3106 rhed]

1107 3168 1221 3224 Mandat
1233 3169 1275 3225 eis
1290 3176 1319 3224 ut
1332 3169 1467 3226 auxilium
1478 3169 1631 3225 comitissa
1643 3167 1791 3238 Flandriae,
1803 3169 1903 3228 adver·

1142 3271 1190 3312 sus
1209 3255 1346 3327 quosdam
1365 3259 1636 3324 excommunicatos,
1658 3258 1687 3312 in
1709 3257 1836 3314 favorem
1850 3273 1897 3316 ec·

1141 3345 1235 3400 clasiae
1251 3345 1345 3402 Sancti
1359 3344 1525 3413 audomari,
1539 3345 1699 3416 implerent.

1147 3479 1897 3554 Honoriusepiscopusservusservorumllei,

1107 3575 1290 3636 venerabili
1312 3575 1457 3646 fratri...,
1475 3576 1629 3651 episcopo
1650 3577 1682 3636 et
1702 3576 1830 3637 dilectis
1855 3579 1899 3636 ll-

1107 3673 1212 3743 liis...,
1243 3673 1378 3743 decano,
1403 3674 1435 3731 et
1461 3671 1659 3733 scholastico
1685 3675 1897 3746 Tornacensi,

1108 3769 1247 3830 salutem
1263 3771 1295 3830 et
1309 3768 1531 3844 Apostolicam
1544 3769 1819 3830 benedictionem.

1146 3867 1291 3928 Dilectus
1304 3865 1430 3926 filius...
1445 3867 1641 3942 praepositus
1659 3868 1770 3927 Sancti
1785 3867 1900 3928 Audo-

1108 3965 1191 4022 mari
1218 3979 1278 4024 sua
1306 3963 1402 4022 nobis
1434 3963 1657 4023 insinuatione
1690 3965 1896 4036 monstravit,

1108 4060 1193 4135 quod
1217 4076 1291 4120 cum
1311 4061 1390 4120 olim
1411 4063 1446 4119 B.
1466 4060 1506 4118 de
1528 4060 1691 4130 Geminae,
1707 4062 1740 4121 et
1760 4063 1795 4120 B.
1811 4061 1901 4122 filius

1108 4160 1178 4233 ejus
1201 4157 1333 4227 milites,
1358 4171 1396 4216 ac
1417 4156 1549 4230 quidam
1572 4157 1630 4216 alii
1652 4157 1852 4217 ltlorinensis
1868 4159 1900 4219 et

1107 4255 1329 4313 'l'ornacensis
1351 4253 1529 4312 dioecesum
1556 4253 1715 4328 quosdam
1748 4255 1899 4316 homines

1108 4351 1258 4411 ecclesiae
1284 4365 1353 4410 suaa
1379 4350 1542 4424 ceperint,
1560 4353 1592 4411 et
1616 4353 1717 4412 arctae
1740 4353 1900 4413 custodiae

1109 4447 1339 4522 manciparunt
1358 4462 1396 4506 ac
1419 4447 1502 4506 alias
1523 4447 1597 4518 sibi,
1615 4449 1647 4507 et
1662 4447 1769 4507 eidem
1784 4449 1900 4522 gravia

1109 4544 1282 4604 intulerint
1301 4543 1509 4613 detrimenta,
1531 4543 1602 4619 ipse
1623 4544 1795 4619 superbis
1820 4544 1899 4604 ad...

1109 4639 1269 4700 decanum
1285 4643 1556 4700 cameracensem
1571 4642 1602 4700 et
1615 4641 1805 4717 conjudices
1823 4657 1901 4702 suos

1108 4739 1314 4813 apostolicas
1338 4738 1465 4798 litteras
1485 4737 1721 4812 impetraverit,
1733 4738 1801 4813 qtri,
1823 4738 1899 4798 exi-

1108 4837 1205 4909 gente
1232 4834 1364 4894 illorum
1397 4833 1615 4905 contumacia,
1632 4835 1902 4894 excommunica-

1108 4933 1208 4992 tionis
1222 4932 1256 4990 in
1272 4947 1329 4992 eos
1344 4930 1539 4998 sententiam
1554 4933 1815 5007 promulgarunt.
1834 4933 1902 5008 Ipsi

1110 5045 1187 5090 vero
1203 5045 1275 5088 cum
1292 5044 1334 5088 ex
1348 5029 1411 5088 boc
1425 5028 1596 5088 humiliari
1611 5028 1794 5099 debuerint,
1811 5029 1900 5089 etad

1109 5127 1367 5188 satisfactionem
1384 5126 1506 5196 induci,
1523 5127 1690 5202 tamquam
1706 5127 1740 5185 in
1758 5127 1899 5200 profun-

1109 5225 1184 5283 dum
1200 5223 1356 5283 vitiorum
1378 5223 1573 5283 devenerint
1592 5224 1850 5295 contemnentes
1868 5223 1901 5284 et

1109 5319 1373 5380 maledictionem
1383 5317 1543 5389 bibentes,
1558 5319 1592 5377 ut
1605 5333 1736 5393 aquam,
1751 5319 1901 5378 eamdem

1109 5415 1460 5478 excommunicationis
1485 5415 1681 5475 sententiam
1699 5417 1769 5491 jnrn
1786 5416 1901 5492 elapso

1108 5513 1242 5574 biennio
1259 5511 1498 5574 contumaciter
1510 5510 1744 5588 despexerunt.
1762 5514 1804 5574 Ut
1820 5529 1900 5590 ergo

1108 5627 1189 5688 quos
1210 5610 1267 5671 Dei
1282 5609 1381 5670 timor
1398 5625 1417 5670 a
1438 5609 1525 5670 malo
1545 5625 1610 5671 non
1633 5610 1779 5682 revocat,
1804 5625 1900 5686 poena
