4114 6322
137 361 201 424 19³

130 534 208 580 ram
222 517 382 589 vesnam,
396 515 430 578 et
450 515 602 580 nomines
617 515 652 576 in
675 514 822 576 restrum
841 529 929 592 prae-

125 615 294 692 judicium
336 611 701 683 excommunicationis,
741 613 774 673 et
819 613 927 676 intar-

131 711 215 774 dicti
235 711 347 771 ierunt
376 710 570 782 sententias,
596 709 632 770 ut
657 710 706 769 sic
738 709 854 770 saltem
876 709 929 768 in·

131 808 260 868 directe
295 821 469 868 censuram
507 805 767 868 ecelesiasticam
805 806 841 865 in
868 821 928 866 ros

131 905 227 980 ipsos
246 903 444 974 exerceant,
474 918 574 979 quam
602 902 727 964 directe
749 904 927 979 nequeunt,

134 1015 176 1061 eo
217 1000 305 1080 quod
343 987 581 1066 monasterium
617 999 764 1062 restrum
793 1013 930 1076 exemp-

130 1095 237 1158 tionis
257 1095 402 1171 gaudere
421 1095 542 1158 dicitur
556 1095 742 1172 privilegio,
761 1111 927 1156 exercere.

132 1195 204 1254 Nos
215 1193 319 1268 igitur
329 1193 362 1253 et
377 1207 492 1252 eorum
507 1191 696 1268 hujusmodi
708 1191 843 1253 obviare
858 1207 930 1253 ma-

131 1289 229 1360 litiis,
254 1289 287 1350 et
312 1288 460 1365 ejusdem
476 1288 682 1356 monasterii,
704 1288 789 1364 quod
803 1287 843 1348 ad
867 1289 929 1350 Se-

133 1387 210 1447 dem
233 1383 458 1462 Apostolicam
482 1383 671 1446 immediate
691 1383 813 1446 dicitur
827 1385 931 1461 perti-

131 1497 226 1553 nere,
257 1480 530 1542 indemnitatibus
555 1482 589 1541 in
614 1483 781 1556 posterum
802 1497 930 1558 praeca-

131 1575 389 1646 vererolentes,
406 1575 603 1637 auctoritate
625 1577 838 1652 praesentium
860 1576 931 1638 dis-

134 1667 267 1735 trictius
282 1671 482 1744 inhibemus,
508 1687 551 1733 na
565 1672 639 1749 quis
661 1674 778 1734 contra
801 1673 929 1734 indulta

132 1767 229 1830 vobis
243 1767 556 1844 asedelipostolica
569 1767 745 1846 priuilegia
756 1769 796 1830 de
809 1771 928 1830 caetero

133 1865 272 1942 propter
294 1865 358 1925 boc
381 1864 465 1926 tales
494 1861 716 1944 [sententias]
745 1865 779 1925 ln
805 1867 929 1927 terram

134 1961 294 2033 vestram,
308 1975 367 2021 seu
384 1957 573 2040 [homines],
586 1961 658 2022 sine
669 1962 823 2023 mandato
836 1964 930 2024 Sedis

133 2057 336 2134 Apostolicae
350 2057 488 2134 speciali
503 2055 603 2136 [terre
617 2057 821 2138 praesumatl.
838 2059 930 2120 Nulli

134 2169 228 2230 ergo,
245 2155 321 2225 ete,
345 2157 467 2215 nostrae
486 2153 708 2227 inhibitionis,
725 2157 787 2216 ete.
806 2155 929 2234 siquis

135 2251 260 2322 antem,
283 2251 345 2311 etc.
371 2251 490 2312 Datum
510 2251 677 2320 Laterani,
697 2253 758 2314 Vll
778 2251 852 2313 idus
875 2251 929 2313 le-

137 2346 279 2419 bruarii,
293 2361 381 2409 anno
391 2347 577 2409 undecimo.

478 2645 588 2736 LXII

232 2817 287 2877 Aa
299 2816 340 2875 Α.
353 2813 580 2888 maestam
595 2815 827 2876 croatensem.

397 2949 431 3010 12
443 2947 576 3010 februarii
590 2951 668 3008 1227.

304 3071 465 3140 [13133001.
478 3071 540 3138 dipl.
551 3073 646 3144 iluna..
657 3074 688 3134 ll,
701 3073 769 3140 102]

138 3195 327 3257 Cunmrdiom
357 3197 430 3253 inter
459 3197 643 3269 prepositum
674 3195 871 3266 013111311331,
903 3203 933 3256 et

170 3283 331 3343 iohannem
341 3283 523 3356 capuciuma
537 3299 569 3342 se
583 3283 807 3356 denominatum,
819 3282 931 3343 coniec-

171 3379 243 3440 tam,
254 3370 377 3428 roborat.

176 3495 357 3568 Honorius,
389 3495 464 3568 ate,
496 3497 534 3556 Α.
561 3497 739 3573 praeposito
765 3497 930 3558 orodien-

137 3593 177 3668 si,
192 3592 259 3658 eto.

175 3690 258 3748 cum
271 3701 377 3765 nuper
391 3686 432 3752 acl
449 3688 567 3752 sedem
580 3689 805 3765 apostolicam
817 3704 933 3756 acees-

135 3784 427 3856 sisses,ortainter
436 3786 469 3846 te
484 3799 523 3846 ac
533 3785 689 3849 dilectum
699 3785 803 3846 tilium
812 3788 831 3848 J
833 3786 934 3846 ohan·

134 3897 211 3942 nem
227 3879 408 3956 capucium
422 3879 660 3941 subdiaconum
677 3883 710 3942 et
724 3881 932 3957 capellanum

134 3977 298 4048 nostrum,
314 3991 413 4052 super
425 3977 645 4053 praepositura
665 3973 856 4038 orodiensis
872 3992 931 4037 ec-

135 4073 250 4136 clesiae
264 4073 459 4150 quaestione,
476 4073 632 4134 dilectum
654 4073 759 4134 fllium
783 4075 933 4135 nostrum

135 4167 313 4248 Hatram),
327 4171 360 4230 S.
371 4169 504 4245 Georgii
517 4170 559 4230 ad
569 4170 688 4230 velum
700 4173 845 4232 Aureum
860 4171 934 4231 dia·
989 4227 995 4238 ,

136 4281 257 4328 conum
271 4265 488 4338 cardinalem,
506 4265 655 4342 partibus
671 4265 820 4328 dedimus
831 4267 931 4328 audl-

134 4363 253 4434 torem,
275 4377 387 4422 coram
407 4377 471 4438 quo
491 4378 591 4438 super
605 4364 825 4439 praepositura
846 4379 934 4440 praa-

135 4459 215 4531 tata,
223 4457 343 4524 suisset
352 4457 546 4534 aliquandiu
557 4459 940 4536 disceptatumtancsm·

133 4555 224 4620 inter
235 4569 308 4626 ros,
322 4554 485 4620 cardinali
497 4555 664 4620 mediante
678 4556 827 4632 pretato,
844 4557 932 4622 aml-

133 4651 934 4734 cabiliaccnposittointercessit,quamcitius-

136 4746 255 4808 stolico
277 4745 491 4822 dignaremur
518 4748 701 4810 munimine
727 4747 935 4816 reboaret

136 4837 233 4906 nobis
248 4839 419 4908 humiliter
434 4841 637 4916 postulastis.
659 4843 728 4908 Nos
743 4842 848 4918 iaitur
867 4842 934 4906 tuis

137 4932 265 5000 aeroas
276 4933 430 5010 precibus
438 4935 601 5010 inclinati,
614 4936 935 5012 incompositionem

133 5027 341 5106 jamdictam,
358 5030 445 5098 sicut
457 5031 530 5096 sine
542 5033 707 5109 pravitate
722 5032 809 5101 tacte
824 5037 887 5105 est,
902 5032 936 5101 et

137 5125 179 5188 ab
194 5125 337 5202 uaeque
349 5127 444 5203 parte
456 5129 601 5204 recepta,
617 5129 817 5197 auctoritato
828 5132 937 5205 enos-

136 5221 238 5285 tolica
273 5221 518 5296 confirmamus,
551 5225 585 5286 et
611 5225 785 5300 praesentis
821 5225 937 5302 scripti

138 5317 324 5394 patrocimo
337 5320 590 5386 communimus.
610 5321 702 5386 Nulli
717 5337 797 5398 erac
813 5321 937 5390 rosnae

139 5413 416 5487 confirmationis,
442 5418 505 5481 etc.
547 5415 583 5477 Si
616 5417 691 5498 quis
723 5419 844 5490 autem,
873 5417 935 5482 eto.

138 5511 258 5574 Datum
273 5510 443 5584 Laterani,
457 5513 487 5574 ll
501 5511 578 5577 idus
593 5511 764 5586 subruant,
781 5529 869 5580 auno
880 5529 939 5580 un·

138 5605 281 5668 decimo.

288 5763 401 5820 nirsot.
416 5779 488 5822 rosta
504 5767 537 5826 t.

1080 105 1097 140 ’e

756 357 982 418 EPISTOLAE.
1006 359 1085 420 nita.
1108 359 1163 418 xl.

1294 495 1441 612 ’11111

1114 669 1167 730 Ad
1180 668 1375 742 epimonem
1394 667 1641 728 Mortnensem.

1244 795 1277 852 rt
1287 794 1420 852 februarii
1436 795 1514 851 1227.

1014 907 1185 990 [2331313111.
1196 909 1240 968 xl,
1248 907 1323 974 epist.
1335 909 1390 959 cca.
1399 909 1456 958 lisa.
1472 909 1591 959 LaPorte
1603 905 1637 958 dn
1649 907 1743 973 risit]

984 1033 1062 1090 Facit
1076 1033 1102 1090 ei
1117 1039 1285 1106 potestatem
1298 1033 1417 1090 clericos
1425 1031 1564 1104 quosdam
1572 1031 1704 1092 dioecesis
1716 1047 1778 1092 suat

1018 1121 1066 1192 qni
1100 1121 1130 1177 in
1160 1121 1485 1180 excommunicationem
1510 1121 1597 1178 variis
1618 1119 1654 1178 de
1681 1121 1777 1178 causis

1019 1207 1381 1266 incurrerantabsolvendi.

1023 1334 1202 1406 Honorius,
1218 1335 1294 1408 ete,
1310 1333 1496 1396 venerabili
1521 1332 1656 1396 tratri...
1685 1333 1776 1412 epis·

984 1430 1272 1505 copoblorinensi,
1289 1429 1517 1502 salutemetc.
1778 1491 1781 1502 ,

1023 1527 1073 1588 lix
1087 1529 1179 1604 parte
1189 1525 1316 1589 tuafnit
1329 1527 1533 1604 propositum
1548 1542 1659 1588 coram
1668 1525 1775 1600 nobis,

984 1621 1070 1698 quod
1083 1622 1234 1684 nonnulli
1248 1621 1308 1684 tibi
1327 1621 1450 1684 subditi
1467 1623 1657 1692 saeculares,
1676 1623 1710 1684 et
1723 1638 1779 1686 re-

984 1718 1118 1798 gulares
1136 1718 1251 1781 elerici
1274 1721 1341 1782 tuae
1367 1720 1519 1782 dioecesis
1546 1735 1606 1796 pro
1631 1719 1779 1783 violenta

984 1830 1142 1878 manuum
1162 1813 1342 1894 injectione
1365 1815 1400 1876 in
1416 1831 1575 1894 personas
1590 1815 1776 1890 religiosas,
1899 1805 1909 1818 ’

984 1911 1017 1972 31
1030 1909 1169 1974 clericos
1181 1911 1358 1974 saeculares
1373 1911 1407 1972 in
1423 1911 1780 1976 canoneminciderunt

984 2008 1156 2072 sententiae
1172 2007 1401 2086 promulgatae,
1417 2023 1457 2070 ac
1482 2008 1567 2070 alias
1590 2023 1649 2082 pro
1661 2007 1780 2070 incen-

984 2103 1060 2174 diis,
1077 2105 1109 2166 et
1123 2105 1251 2182 rapinis
1266 2105 1338 2180 ipso
1354 2103 1440 2168 iacto
1461 2104 1782 2166 excommunicatio-

985 2200 1037 2262 nis
1050 2201 1247 2264 sententiam
1261 2201 1484 2287 incurrerunt
1500 2201 1639 2272 Quidam
1649 2217 1782 2280 quoque

985 2295 1216 2372 praedictorum
1231 2295 1435 2372 regularium
1461 2298 1643 2360 simoniace
1657 2298 1693 2362 in
1708 2298 1779 2384 suis

985 2393 1135 2461 ecclesiis
1152 2395 1229 2458 sunt
1240 2394 1377 2474 recepti,
1393 2393 1527 2472 qnidam
1538 2409 1618 2456 vero
1633 2394 1780 2466 celebre·

984 2489 1778 2568 teruntencornmunicatidivinareliquiautem,

985 2585 1204 2652 absolutionis
1219 2587 1380 2652 beneficio
1395 2603 1461 2653 non
1477 2587 1621 2658 obtento,
1636 2603 1681 2650 ex
1693 2588 1779 2650 sim·

986 2684 1137 2760 plicitate
1157 2699 1196 2745 ac
1215 2683 1405 2762 ignorantia
1426 2699 1541 2748 sacros
1561 2686 1781 2764 susceperunt

985 2781 1132 2852 ordines,
1147 2784 1182 2844 et
1201 2780 1433 2844 ministrarunt
1457 2781 1556 2844 etiam
1576 2781 1612 2847 iu
1639 2781 1779 2844 eisdem.

986 2876 1079 2948 Unda
1102 2877 1199 2942 nobis
1222 2877 1393 2942 humiliter
1412 2877 1619 2955 supplicasti,
1643 2877 1680 2941 ut
1705 2893 1781 2942 cum

986 2975 1114 3038 metuas
1130 2974 1170 3040 ad
1186 2975 1334 3038 nostram
1350 2974 1561 3054 praesentiam
1575 2974 1708 3038 mittere
1724 2990 1782 3036 re-

985 3069 1131 3148 gulares,
1144 3085 1186 3134 ne
1200 3070 1402 3146 vagarentur
1414 3068 1590 3144 veniendo,
1601 3071 1637 3134 et
1646 3070 1778 3142 salutis,

987 3169 1039 3246 cuj
1045 3183 1081 3228 us
1096 3182 1198 3230 causa
1210 3166 1374 3236 venirent,
1385 3165 1783 3230 incurrerentdetrimen-

986 3265 1067 3336 tum,
1093 3265 1127 3330 et
1151 3262 1302 3342 praedicti
1329 3261 1508 3326 saculares
1537 3262 1719 3338 debilitate,
1749 3265 1785 3326 et

987 3360 1181 3436 paupertate
1194 3359 1323 3436 gravati
1338 3359 1380 3420 ad
1399 3374 1459 3422 nos
1474 3359 1589 3422 venire
1612 3375 1680 3422 non
1698 3376 1781 3440 pos-

914 3481 924 3504 ·
987 3456 1064 3527 sint,
1095 3455 1263 3532 provideri
1289 3469 1390 3530 super
1415 3455 1479 3516 boe
1504 3455 1651 3531 ipsorum
1681 3455 1783 3516 saluti

987 3551 1247 3612 misericorditer
1274 3550 1498 3626 dignaremur.
1527 3551 1610 3622 Quia
1633 3566 1713 3612 vero
1741 3551 1782 3614 de

987 3649 1053 3710 tuae
1068 3647 1286 3709 fraternitatis
1296 3645 1471 3723 prudentia
1480 3647 1611 3724 plenam
1626 3647 1782 3709 fiduciam

987 3744 1184 3816 obtinemus,
1198 3742 1456 3822 pomposianae
1468 3743 1529 3806 tibi
1548 3744 1671 3820 scripta
1686 3759 1782 3806 man-

987 3841 1115 3913 damns,
1130 3841 1292 3918 quatenus
1307 3840 1371 3901 hac
1391 3839 1464 3900 vice
1485 3841 1781 3904 excommnnicatis

987 3937 1123 4009 eisdem,
1138 3936 1203 3998 nisi
1216 3952 1276 4012 pro
1291 3935 1431 4008 diiilcili,
1452 3937 1485 3998 et
1499 3938 1626 4022 enormi
1642 3953 1782 4000 excessu

987 4032 1028 4094 ad
1052 4033 1168 4094 Sedere
1183 4033 1405 4110 apostolicam
1423 4033 1491 4095 sint
1508 4033 1669 4106 mittendi,
1683 4038 1780 4112 juxta

987 4129 1127 4195 sormam
1150 4129 1307 4196 Ecclesia
1334 4129 1531 4194 beneficium
1560 4129 1780 4196 absolutionis

987 4227 1169 4302 impendas,
1186 4228 1219 4286 et
1238 4225 1324 4285 iacto
1350 4225 1390 4286 de
1411 4225 1614 4292 simoniacis,
1640 4225 1725 4302 quod
1745 4227 1781 4286 in

987 4321 1153 4397 generalis
1175 4320 1412 4382 constitutione
1428 4321 1566 4381 concilii
1581 4320 1779 4390 continetur,

988 4433 1087 4496 super
1102 4415 1177 4477 aliis
1190 4416 1293 4480 iacias
1309 4432 1383 4476 cum
1399 4415 1578 4494 praedictis,
1602 4415 1688 4494 quod
1705 4417 1783 4478 ani·-

988 4529 1116 4580 marum
1154 4528 1289 4576 suarum
1320 4511 1420 4574 saluti
1456 4511 1582 4576 videris
1610 4514 1779 4592 expedire.

988 4611 1106 4671 Datum
1121 4607 1288 4682 Laterani,
1305 4609 1364 4672 XV
1379 4607 1539 4672 kalendas
1554 4609 1676 4682 martii,
1693 4625 1781 4676 anno

988 4705 1174 4772 undecimo.

1323 4845 1446 4932 LXIV

1104 4989 1156 5049 Act
1180 4987 1411 5059 reuersum,
1434 4989 1669 5050 Barcanorum

1254 5084 1514 5162 imperatorem.

1249 5205 1282 5268 21
1298 5201 1432 5265 februarii
1448 5203 1526 5264 1227.

1103 5316 1384 5390 [usitatissimas.
1398 5314 1462 5367 llist.
1474 5314 1548 5384 ctpt,
1560 5315 1594 5380 11,
1606 5315 1675 5382 tit]

992 5435 1066 5492 ilum
1085 5431 1213 5490 hortatur
1224 5429 1261 5490 31
1279 5428 1463 5492 relaxandum
1484 5427 1611 5486 bannum
1628 5430 1786 5502 imperiale,

1134 5519 1180 5580 cui
1194 5517 1295 5581 1111111
1305 5516 1431 5578 uentis
1446 5515 1572 5589 subjecta
1584 5514 1646 5576 luit.

1039 5632 1706 5709 Honoriusepiscopus,servusserrorum
1717 5635 1787 5708 Dei,

1570 5763 1585 5818 7
