4174 6324
231 506 585 740 HIlNORII
644 614 773 768 iii,
832 609 1310 738 PONTIFIGIS
1369 607 1708 733 ROMANI

582 1008 1356 1246 anismam

430 1521 627 1608 PRIMA
671 1443 815 1609 vicu
860 1512 926 1607 IN
971 1518 1149 1609 UNUII
1196 1517 1520 1606 obnubere

689 2391 920 2515 LIBRI
981 2387 1273 2516 audiui
1365 2497 1369 2508 .

842 2617 1126 2666 courirtunrlo.

490 2977 634 3064 LXVII

196 3138 248 3198 Ad
270 3136 422 3197 abbatem
445 3137 478 3197 et
499 3136 704 3197 conventum
723 3137 929 3198 monasterti

242 3235 277 3294 S.
292 3236 455 3305 ittcbertt,
472 3236 711 3295 ambianensis
728 3236 892 3296 utoeeestc.

444 3373 593 3446 ajanuarii
610 3373 689 3432 1226.

209 3505 326 3570 moueat,
338 3503 383 3555 lib.
394 3505 426 3562 X,
435 3505 510 3568 epist.
522 3505 575 3555 its.
586 3506 645 3555 llas.
656 3507 691 3556 La
701 3507 776 3556 Porta
787 3506 821 3556 du
833 3507 926 3571 Thali]

171 3628 307 3698 Quadam
318 3630 466 3703 privilegia
478 3630 547 3702 Ipsis
560 3629 594 3686 ab
605 3629 765 3688 Alexandro
776 3633 815 3689 lll
826 3645 963 3689 concessa

407 3717 505 3775 delinit
520 3725 548 3774 et
562 3719 706 3790 explicat·

212 3843 391 3916 Honorius,
408 3845 483 3914 eto,
507 3844 637 3905 dilectis
654 3844 770 3904 filiis...
792 3844 914 3918 abbati,
932 3845 965 3906 et

174 3945 350 4007 conventui
366 3945 559 4006 monasterii
576 3946 688 4006 Sancti
704 3946 865 4019 Ricberii,
885 3951 965 4007 Am-

174 4041 342 4103 bianensis
358 4041 522 4113 dioecesiS,
539 4041 690 4114 salutem,
705 4043 766 4103 etc.

214 4141 303 4200 Mota
325 4139 404 4200 olim
428 4125 448 4198 a
471 4137 566 4200 bonae
596 4139 802 4200 memoriae...
825 4139 963 4202 Ambia-

174 4237 271 4298 nensi
283 4236 437 4312 episcopo
453 4251 552 4312 super
564 4236 665 4298 vestri
681 4236 884 4312 subjectione
900 4254 965 4298 rno-

176 4331 967 4409 nasteriiquaestione,accoramfelicisrecorda·

172 4429 275 4492 tlonis
290 4430 481 4490 Innocentio
498 4445 583 4506 papa
594 4430 838 4506 praedecessore
852 4434 965 4493 nostro

172 4525 368 4603 aliquandiu
384 4527 520 4602 agitata,
535 4541 596 4586 nos
611 4525 756 4599 tandem,
769 4543 843 4586 cum
857 4545 967 4604 quaes·

171 4624 219 4686 tio
235 4624 350 4685 eadem
371 4623 411 4684 ad
432 4625 582 4684 nostrum
602 4623 790 4684 devenisset
811 4640 963 4697 examen,

172 4719 409 4782 monasterium
426 4721 534 4796 ipsum
556 4721 597 4781 de
617 4721 755 4782 fratrum
777 4723 965 4784 nostrorum

173 4817 313 4878 consilio
333 4817 475 4878 liberum
500 4815 719 4889 decrevimus
746 4819 778 4879 et
797 4818 837 4878 ad
858 4819 965 4879 solum

173 4917 357 4976 Romanum
371 4915 566 4975 Pontificem
581 4915 759 4991 pertinere.
782 4915 845 4975 Sed
860 4931 964 4976 vene-

172 5010 290 5072 rabilis
312 5011 415 5072 trater
438 5012 588 5072 noster...
619 5011 852 5074 ambianensis
876 5014 966 5088 epis-

174 5125 276 5184 copus
291 5124 489 5185 proponens,
507 5109 593 5185 quod
614 5125 674 5170 vos
696 5110 875 5170 secundum
896 5110 966 5186 pri-

172 5205 332 5281 vilequm
354 5205 448 5266 bonae
473 5206 642 5266 memoriae
665 5206 847 5266 Alexandri
871 5223 964 5282 papae

173 5303 428 5380 praedecessoris
457 5303 563 5363 nostri
597 5303 753 5372 chrisma,
792 5305 825 5364 et
856 5304 965 5364 oleum

173 5401 335 5470 sanctum,
348 5399 615 5460 consecrationes
628 5400 795 5473 altarium,
810 5417 870 5460 seu
880 5399 965 5461 basi-

172 5494 327 5569 licarum,
363 5497 589 5558 ordinationes
622 5498 870 5568 monachorum,
906 5513 965 5558 seu

173 5592 383 5664 clericorum,
400 5594 457 5671 qui
471 5593 512 5655 ad
526 5609 638 5655 sacros
654 5597 731 5656 sunt
745 5595 877 5656 ordines
893 5609 966 5670 pro·

174 5690 329 5754 movendi
343 5689 384 5752 ab
400 5705 439 5752 eo
454 5693 576 5768 petere,
594 5695 627 5753 et
640 5693 789 5769 recipere
804 5691 962 5764 debeatis,

332 5835 446 5880 samon.
465 5837 539 5880 rous
559 5825 593 5883 ll.

1015 2971 1173 3048 quasdam
1189 2987 1289 3049 super
1304 2971 1366 3032 hoc
1385 2987 1405 3032 a
1426 2972 1521 3034 nobis
1537 2975 1652 3036 contra
1668 2991 1725 3036 vos
1745 2977 1804 3038 ut-

1014 3071 1104 3130 teras
1119 3069 1319 3146 impetravit.
1341 3071 1486 3146 Cumque
1509 3086 1567 3148 per
1581 3073 1805 3134 venerabilem

1017 3165 1152 3227 tratrem
1176 3167 1375 3228 nostrum...
1403 3169 1684 3232 Silvanectensem
1713 3172 1806 3248 epis·

1016 3279 1146 3340 copum,
1162 3264 1195 3324 et
1209 3267 1281 3340 eJus
1296 3263 1442 3340 collegas
1457 3282 1539 3342 quos
1555 3284 1655 3344 super
1669 3269 1722 3328 his
1734 3285 1805 3341 vos,

1017 3362 1049 3422 et
1063 3362 1150 3422 idem
1166 3361 1339 3438 episcopus
1362 3363 1504 3424 arbitros
1519 3365 1666 3440 elegistis
1686 3366 1727 3426 ad
1747 3383 1809 3428 nos

1018 3462 1145 3534 partem
1169 3461 1341 3534 utramque
1370 3461 1638 3522 mandaverimus
1663 3463 1807 3534 evocari,

1017 3557 1127 3618 vestro
1145 3554 1276 3616 tandem
1298 3557 1331 3616 et
1354 3556 1492 3616 alterius
1519 3559 1622 3633 partis
1645 3575 1809 3634 procura-

1017 3651 1144 3714 toribus
1166 3653 1202 3712 in
1225 3653 1340 3712 nostra
1364 3655 1540 3729 praesentia
1563 3656 1750 3722 constitutis
1774 3657 1810 3718 in

1018 3747 1219 3824 recipiendis
1241 3749 1547 3811 consecrationibus
1567 3751 1733 3824 altarium,
1751 3769 1810 3814 seu

1017 3845 1231 3906 basilicarum
1247 3847 1279 3907 et
1294 3845 1559 3908 ordinationibus
1572 3851 1810 3912 monachorum

1018 3943 1071 4004 vel
1096 3943 1293 4004 clericorum
1317 3943 1358 4004 ab
1386 3944 1614 4007 ambianiensi
1642 3949 1808 4024 episcopo,

1019 4041 1261 4102 communicato
1286 4039 1426 4102 fratrum
1449 4043 1638 4104 nostrorum
1657 4047 1808 4116 consilio,

1018 4154 1078 4198 vos
1103 4137 1310 4199 decrevimus
1336 4153 1401 4200 non
1424 4139 1540 4200 teneri.
1566 4142 1672 4218 Super
1695 4159 1812 4220 recep-

1019 4235 1111 4296 tione
1119 4235 1321 4307 chrismatis,
1338 4238 1371 4296 et
1385 4235 1449 4296 olei
1462 4236 1574 4298 taliter
1586 4239 1807 4314 providentes,

1020 4331 1106 4408 quod
1121 4349 1161 4392 ea
1175 4331 1217 4392 ab
1230 4331 1443 4393 Ambianensi
1458 4334 1628 4410 recipiatis
1642 4337 1808 4413 episcopo,

1020 4428 1048 4488 si
1064 4443 1102 4488 ea
1117 4426 1211 4488 vobis
1231 4427 1346 4502 gratis,
1371 4428 1404 4488 et
1423 4427 1495 4488 sine
1514 4431 1678 4506 pravitate
1698 4433 1811 4510 aliqua

1019 4524 1163 4586 voluerit
1188 4523 1357 4585 exhibere.
1391 4525 1548 4602 Alioquin
1582 4527 1683 4590 liceat
1716 4531 1811 4593 vobis

1020 4637 1258 4698 utramcumque
1284 4622 1469 4684 malueritis
1494 4623 1694 4688 catholicum
1717 4630 1811 4692 adire

1020 4719 1212 4786 antistitem,
1225 4719 1379 4794 gratiam,
1393 4721 1426 4781 et
1437 4722 1700 4784 communionem
1711 4729 1812 4803 Apos-

1020 4817 1128 4878 tolicae
1153 4816 1247 4876 Sedis
1272 4815 1458 4890 habentem,
1487 4817 1543 4894 qui
1569 4822 1682 4883 nostra
1706 4823 1810 4886 fretus

1020 4915 1215 4975 auctoritate
1227 4913 1319 4974 vobis
1332 4915 1418 4990 quod
1432 4916 1618 4992 postulatur
1630 4919 1807 4998 impendat.

1019 5011 1250 5072 Ambianensis
1264 5012 1375 5072 tamen
1391 5013 1565 5089 episcopus
1585 5032 1627 5076 ex
1642 5015 1704 5078 hoc
1724 5023 1809 5096 quod

1020 5108 1190 5185 praemissa
1206 5107 1299 5168 vobis
1312 5107 1448 5169 exhibet
1465 5110 1500 5170 iu
1516 5113 1717 5175 monasterio
1731 5133 1809 5178 ves-

1018 5207 1081 5276 tm,
1099 5205 1184 5282 quod
1200 5205 1241 5264 ad
1259 5220 1329 5276 nos,
1349 5208 1384 5266 ut
1402 5206 1524 5267 dictum
1545 5209 1605 5280 est,
1623 5212 1812 5286 specialiter

1019 5302 1172 5379 pertinet,
1189 5300 1314 5362 nullam
1330 5301 1596 5378 jnrisdictionbm
1616 5306 1679 5368 sihi
1702 5311 1811 5373 valeat

1019 5399 1207 5460 vendicare.
1229 5399 1322 5460 Nulli
1341 5415 1432 5474 ergO,
1454 5403 1530 5472 etc,
1554 5402 1640 5464 hanc
1656 5408 1810 5481 paginam

1019 5498 1141 5558 nostrae
1156 5496 1364 5557 diffinitionis
1380 5496 1574 5574 infringere,
1596 5503 1659 5561 etc.
1681 5503 1715 5562 Si
1735 5506 1809 5581 quis

1019 5595 1140 5666 autem,
1165 5594 1226 5654 etc.
1253 5593 1371 5655 Datum
1393 5594 1507 5667 Reate,
1531 5597 1628 5659 nonis
1646 5600 1807 5677 januarii,

1019 5690 1261 5754 annodecimo.

1636 5829 1648 5884 l
