4114 6322
288 293 347 354 12³
897 293 1073 356 nesciui
1092 293 1137 356 111
1158 295 1308 356 OPERA.
1870 293 1929 353 iio

289 454 475 526 lium,
498 468 612 514 mense
643 451 838 524 decembris,
860 453 940 514 xiii
966 453 1079 514 indic-
1133 454 1358 514 incursurum.
1381 457 1500 514 Datum
1521 455 1690 525 laterani,
1713 455 1744 513 X
1766 449 1932 512 kalendas

290 551 393 622 tione,
409 551 626 628 praesentinus
640 550 775 612 domino
796 551 972 612 lamberto
990 552 1082 628 epis-
1134 550 1330 624 decembris,
1348 551 1560 629 pontificatum
1583 551 1690 614 nostri
1713 565 1803 612 anno
1823 547 1933 609 unde-

288 663 372 725 copo
394 647 605 724 Semigalliae,
630 647 764 708 domino
790 648 897 709 Gnido
922 649 1080 724 episcopo
1134 649 1232 709 cimo.

289 745 480 812 llenelensi,
497 746 656 820 magistro
679 745 855 806 lamberto
876 746 1082 806 Constenda-

288 841 373 902 lcnsi
388 843 561 914 canonico,
577 843 697 904 comite
712 844 892 916 Borqardo,
909 843 1079 904 Bernardo
1492 817 1570 904 XII

287 939 361 1000 cive
384 939 533 1015 Rigensi,
559 939 697 1001 Lndolio
711 939 753 1001 de
772 943 959 1010 llanovere,
973 939 1079 1000 Luhi-
1254 977 1306 1038 Λα
1318 979 1545 1038 Fredemm
1570 979 1807 1037 mmmm

286 1037 379 1098 censi
398 1037 570 1108 canonico,
586 1035 839 1112 mercatoribus,
861 1038 1081 1113 eteliampe-
1547 1021 1557 1044 '

287 1149 444 1210 regnum.

325 1230 418 1292 h'nlli
441 1245 532 1306 ergo,
557 1233 634 1304 etc,
663 1231 936 1304 confirmationis,
956 1232 1019 1293 etc.
1043 1232 1078 1292 Si
1399 1213 1435 1270 ²²
1449 1213 1583 1270 ΜΝ·
1601 1214 1681 1272 ¹²²⁵·

287 1329 372 1406 quis,
389 1331 451 1391 etc.
479 1331 598 1390 natum
626 1329 794 1402 Laterani,
813 1331 890 1390 XIII
915 1327 1079 1392 kalendas
1177 1343 1847 1410 [eonqnecnee.leilist,xix,777.heqet,lm.
1860 1345 1893 1402 x.

285 1426 482 1496 decembris,
497 1441 586 1489 anno
602 1427 787 1490 undecimo.
1451 1424 1528 1488 epac
1539 1423 1608 1489 a·]

1132 1540 1202 1598 Cum
1218 1538 1330 1611 petierit
1352 1539 1508 1610 imperator
1529 1539 1640 1596 munii
1657 1539 1712 1596 nbi
1729 1539 1872 1612 quasdam
1889 1539 1928 1596 ci·

654 1651 710 1738 XI
1021 1631 1028 1640 '
1168 1629 1411 1684 vitaicsetcaslra
1426 1627 1594 1700 inpartibus
1606 1629 1762 1685 provincie
1774 1629 1930 1686 occasum

1166 1715 1232 1772 belli
1247 1715 1385 1772 adversus
1400 1715 1573 1788 albigenses
1591 1724 1739 1788 occupata,
1755 1725 1841 1790 rogat
1863 1731 1927 1772 erim

287 1803 337 1862 Ad
353 1801 509 1864 abbatem
532 1803 566 1862 et
589 1804 796 1864 conventum
813 1805 1020 1866 monasterti
1035 1805 1078 1864 de
1168 1805 1309 1860 Honorius
1320 1811 1352 1860 ut
1366 1802 1530 1860 dilationem
1546 1805 1697 1874 emlineai,
1716 1805 1810 1862 donec
1824 1805 1862 1861 sil
1877 1818 1925 1859 cx·

325 1899 429 1972 olava
442 1902 480 1959 in
495 1903 805 1972 enuclearem
825 1903 1075 1972 chiemense,
1167 1893 1307 1965 ploratum
1331 1907 1396 1964 que
1416 1893 1479 1950 ¹⁰2³
1502 1891 1539 1950 ¹1¹
1553 1895 1708 1966 imperium
1720 1907 1822 1950 revere
1837 1893 1923 1966 ratt-

330 1997 796 2060 Wiadiattaieneisdioecceta.
1167 1988 1264 2048 ”tint

541 2127 577 2185 ῃ
591 2125 726 2185 novemb,
743 2127 822 2186 1225·
1173 2105 1341 2168 Honorius
1349 2105 1925 2184 episcopus...carissimoinchristo

315 2247 489 2314 [mnne
502 2248 564 2302 coo.
582 2249 646 2317 dipl.
658 2251 827 2310 romanie,
835 2251 856 2312 1,
867 2251 924 2312 ara,
933 2265 961 2302 n.
979 2251 1046 2318 im]
1132 2201 1439 2378 gffipezqaffffl
1465 2200 1926 2376 affimggfigmffiffi

283 2374 478 2478 anh'lffl
489 2390 527 2433 ¹¹⁰
541 2375 635 2476 ,¹⁰8¹‘5
649 2374 731 2434 Μ’
739 2375 992 2478 ᾸΝΠΨῘΠΘ
1012 2391 1077 2450 ⁸¹³⁰·
1132 2399 1165 2459 cl
1178 2395 1403 2474 apostolicam
1415 2395 1691 2456 benedictionem.

318 2463 941 2564 ⁰¹³¹¹P¹¹⁸F¹⁶⁸t⁰¹⁰⁰9³⁰¹⁰⁰⁰¹ffl¹¹⁰¹⁰⁸⁰⁰ffl⁸
954 2464 1074 2522 '‘³¹⁸⁰’‘
1171 2496 1252 2554 ruae
1266 2491 1481 2553 sublimitatis
1495 2493 1685 2554 sollicitudo
1700 2489 1924 2567 nonimproho

319 2559 634 2626 ⁹²⁰⁸¹⁰¹¹¹⁸⁸⁶¹¹oe¹¹¹¹³⁸
653 2553 844 2625 ⁹¹⁰¹¹¹¹¹¹⁸⁰¹¹‘·
1133 2591 1322 2668 postulavit,
1342 2591 1378 2650 ut
1399 2589 1563 2660 civitates,
1591 2593 1702 2650 castra
1720 2591 1754 2650 ei
1771 2588 1841 2650 ana
1855 2588 1925 2650 loca

324 2685 492 2747 Honorius
502 2685 688 2762 episcopus,
699 2701 995 2779 servus-servorum
1004 2687 1075 2758 Dei,
1132 2689 1173 2750 ad
1188 2689 1365 2764 imperium
1387 2687 1589 2762 pertinentia
1611 2685 1818 2762 inpartibus
1845 2689 1925 2746 Pro-

283 2783 413 2846 dilectis
428 2783 506 2844 tiliis
517 2783 627 2844 abbati
642 2785 675 2845 et
689 2782 865 2845 conventui
884 2785 1077 2846 monasterii
1131 2786 1251 2847 vinciae
1273 2785 1307 2845 et
1330 2785 1426 2860 regni
1440 2784 1657 2856 Arelatensis,
1682 2785 1714 2845 el
1730 2784 1923 2844 nominatim

282 2881 323 2942 de
337 2881 441 2958 Olyva
456 2882 491 2942 in
515 2882 666 2953 Praedia,
687 2881 917 2942 cisterciensis
936 2883 1074 2955 ordinis,
1131 2899 1171 2944 ea
1186 2899 1260 2960 quac
1274 2881 1438 2958 quondam
1452 2881 1671 2949 llaimundus,
1691 2896 1802 2942 comes
1828 2880 1925 2942 Tolo-

284 2979 425 3040 salutem
440 2981 474 3040 el
487 2979 710 3056 apostolicam
725 2977 1001 3040 benedictionem.
1132 2997 1246 3047 sanus,
1262 2979 1304 3040 ab
1315 2979 1458 3055 Imperio
1469 2978 1580 3049 libi...,
1597 2979 1668 3040 sive
1683 2979 1724 3039 ad
1737 2977 1851 3038 dilecti
1867 2976 1922 3037 filii

324 3077 404 3136 Cum
440 3075 567 3136 ordinis
595 3075 698 3136 vestri
728 3091 890 3150 generosa
915 3075 1076 3152 plantatio
1133 3076 1238 3136 nostri
1253 3070 1435 3152 R[omaui],
1456 3075 1489 3133 S.
1506 3072 1626 3148 Angeli
1655 3072 1787 3133 diaconi
1809 3071 1922 3133 cardi·

284 3173 396 3234 multae
407 3171 581 3247 religionis
594 3175 627 3232 ei
641 3173 824 3232 honestatis
835 3171 934 3234 liores
945 3177 978 3234 et
993 3173 1077 3234 sruc-
1132 3171 1229 3242 nalis,
1241 3173 1279 3230 il.
1297 3172 1330 3230 S.
1346 3169 1459 3245 legati,
1474 3170 1545 3230 sive
1561 3169 1603 3230 ad
1618 3172 1858 3246 cujuscumque
1872 3168 1924 3230 al·

283 3273 337 3331 tus
349 3270 535 3347 protulerit,
546 3269 652 3329 effuso
665 3269 762 3344 longe
775 3269 906 3346 lateque
919 3267 1075 3330 laudahi-
1131 3269 1237 3329 terius
1252 3282 1381 3336 manus,
1402 3267 1579 3328 occasione
1601 3267 1768 3328 exercitus
1789 3264 1869 3328 iacti
1883 3264 1921 3326 ob

283 3367 326 3428 lis
341 3367 605 3428 conversationis
627 3367 739 3437 odore,
764 3367 1076 3442 apostolicaesedis
1131 3362 1379 3441 exstirpandam
1401 3363 1441 3424 de
1465 3363 1615 3440 partibus
1635 3364 1704 3426 illis
1726 3364 1921 3440 pravitatem

282 3465 463 3526 auctoritas
478 3463 704 3535 considerans,
720 3479 779 3540 per
794 3464 933 3525 Marthae
947 3465 1075 3524 sollici·
1132 3463 1335 3532 haereticam,
1349 3461 1546 3522 devenerint
1559 3477 1619 3524 seu
1642 3461 1752 3522 adhuc
1766 3460 1853 3522 rorte
1866 3459 1922 3519 de-

284 3559 433 3622 tudinem
456 3559 694 3636 providendum
721 3574 794 3620 esse
817 3559 933 3620 Mariae
960 3561 1074 3636 quieti,
1130 3559 1276 3630 venient,
1293 3557 1422 3620 restitui
1438 3557 1636 3619 laceremus.
1653 3558 1792 3620 Noverit
1812 3558 1921 3634 itaque

285 3661 320 3719 nt
343 3659 377 3719 et
404 3657 531 3718 orantis
558 3658 673 3717 Mariae
699 3655 869 3732 suffragiis
895 3659 1076 3733 satagentis
1131 3659 1188 3718 tua
1203 3657 1379 3726 serenitas,
1408 3669 1468 3716 nos
1484 3655 1541 3732 qui
1564 3656 1622 3716 lua
1647 3657 1681 3717 at
1702 3655 1835 3732 Imperii
1847 3658 1920 3731 jura

284 3755 423 3816 Marthae
439 3753 626 3814 sollicitudo
643 3753 1016 3830 ministeriijuvaretur,
1034 3771 1076 3815 ne
1132 3754 1236 3814 minui
1263 3753 1430 3824 nolumus,
1471 3752 1528 3814 sed
1564 3753 1693 3828 augeri,
1728 3753 1805 3814 viva
1844 3766 1921 3812 voce

285 3853 428 3928 alicujus
455 3852 653 3912 temeritatis
673 3851 827 3910 incursus
842 3853 965 3911 sanctae
990 3867 1074 3912 con·
1131 3851 1256 3910 dixisse
1282 3849 1447 3910 cardinali
1474 3849 1646 3925 praedicto,
1678 3849 1756 3910 dum
1782 3850 1870 3910 esset
1889 3848 1921 3906 in

285 3949 484 4012 versationis
497 3947 600 4008 otium
620 3947 838 4023 perturbaret,
858 3947 1006 4008 ordinem
1021 3949 1072 4025 ip·
1131 3949 1245 4008 nostra
1267 3947 1443 4022 praesentia
1468 3947 1683 4018 constitutus,
1709 3961 1749 4006 ac
1779 3945 1922 4022 postmo-

284 4063 357 4108 sum
373 4047 406 4107 el
420 4043 615 4122 privilegiis,
631 4047 664 4106 et
676 4043 846 4104 nonnullis
861 4045 1075 4121 indulgentiis
1131 4045 1207 4104 dum
1223 4045 1330 4105 eidem
1346 4043 1466 4104 litteris
1480 4043 1680 4120 apostolicis
1701 4042 1920 4108 mandavisse,

284 4143 438 4222 specialis
458 4143 565 4219 gratia
588 4142 808 4218 praerogativa
837 4143 987 4203 munivit.
1007 4145 1075 4204 Nos
1131 4141 1217 4218 quod
1241 4141 1434 4202 volebamus
1451 4141 1575 4200 terram
1601 4141 1691 4201 illam
1707 4140 1755 4201 sic
1768 4139 1921 4201 haeretica

1403 1076 1663 1147 inperatorem.

283 4244 404 4314 autem,
420 4241 474 4318 qui
491 4238 663 4300 salutifera
687 4239 856 4300 commoda
884 4242 994 4301 vestra
1017 4241 1076 4302 he-
1131 4239 1293 4316 pravitate
1320 4237 1468 4314 purgari,
1495 4240 1532 4299 ut
1549 4241 1628 4314 jura
1650 4237 1784 4314 imperii
1807 4251 1921 4298 serva-

283 4341 384 4416 nigno
423 4339 536 4400 lavore
570 4338 811 4414 prosequimur,
841 4337 1075 4414 tranquillitati
1130 4335 1374 4397 renturillaesa.

281 4439 401 4498 vestrae
417 4435 568 4504 libenter,
591 4435 687 4510 prout
709 4449 897 4510 possumus,
920 4434 1076 4510 provide·
1170 4433 1262 4494 Licet
1276 4433 1378 4508 igitur
1391 4433 1448 4494 tua
1459 4433 1609 4508 petitioa
1625 4433 1739 4494 nostro
1754 4431 1920 4508 proposito

279 4548 366 4604 mus,
383 4531 580 4594 auctoritate
592 4530 803 4606 praesentium
816 4529 1016 4603 inhibentes,
1033 4545 1075 4594 ne
1130 4546 1195 4592 non
1221 4529 1399 4601 discordet,
1415 4529 1659 4592 restitutionem
1672 4533 1783 4591 tamen
1802 4528 1922 4606 hujus-

280 4629 382 4706 legati
400 4627 494 4690 Sedis
509 4627 706 4704 apostolicae
731 4627 802 4687 sine
826 4628 964 4703 speciali
980 4641 1076 4690 man·
1129 4627 1219 4688 modi
1241 4625 1445 4704 providimus
1467 4626 1695 4698 differendam,
1724 4627 1827 4688 donec
1851 4639 1921 4703 qua

281 4727 358 4788 dato
383 4727 495 4787 nostro
512 4725 544 4785 ln
570 4739 629 4786 vos
653 4723 1006 4786 excommunicationis
1021 4725 1074 4787 vel
1129 4726 1227 4786 terrae
1249 4723 1290 4784 ad
1306 4725 1485 4800 Imperium
1509 4725 1543 4784 in
1568 4725 1718 4800 partibus
1738 4725 1807 4786 illis
1821 4721 1922 4800 perli-

280 4821 521 4902 suspensionis,
546 4823 579 4884 et
604 4823 637 4882 in
662 4821 898 4884 monasterium
915 4821 1071 4896 vestrum,
1129 4823 1240 4892 neant,
1264 4837 1304 4881 ac
1318 4821 1420 4882 totius
1444 4821 1569 4897 negotii
1590 4822 1848 4884 circumstantiae
1863 4835 1922 4882 no·

279 4920 447 4984 interdicti
474 4921 655 4980 sententias
680 4921 795 4980 contra
819 4933 869 4990 ea,
892 4935 965 4995 quae
979 4921 1073 4982 vohis
1128 4917 1180 4978 his
1197 4934 1256 4994 per
1273 4917 1470 4980 relationem
1494 4919 1600 4994 ipsius
1614 4919 1715 4995 legati
1728 4917 1858 4996 plenius
1870 4919 1920 4978 in-

280 5017 413 5080 suntab
435 5015 623 5094 apostolica
642 5016 726 5077 Sede
739 5031 908 5088 concessa,
925 5017 1073 5093 promul·
1128 5017 1311 5078 notescant.
1330 5015 1396 5092 Ipsi
1407 5017 1518 5076 autem
1533 5016 1697 5076 cardinali
1720 5017 1920 5092 adpraesens

279 5117 368 5192 pent.
395 5115 486 5175 Nulli
512 5129 592 5190 ergo
615 5113 750 5174 omnino
778 5113 950 5174 hominum
974 5114 1073 5177 liceat
1128 5113 1325 5189 perscripta
1354 5114 1468 5173 nostra
1496 5113 1738 5183 mandavimus,
1761 5115 1797 5174 ut
1813 5116 1917 5184 terras
2029 5151 2030 5174 i

278 5213 366 5274 hanc
383 5213 535 5288 paginam
566 5213 688 5272 nostrae
718 5211 925 5272 inhibitionis
951 5211 1072 5272 inlrin-
1127 5211 1292 5286 adipsum
1313 5211 1492 5285 Imperium
1515 5210 1720 5286 pertinentes
1744 5209 1780 5270 in
1806 5207 1920 5270 suaet
2029 5221 2030 5250 ³

278 5325 367 5384 gere,
389 5307 440 5370 vel
465 5309 496 5370 ei
521 5323 604 5369 ausu
627 5308 806 5370 temerario
830 5309 1008 5368 contraire.
1036 5311 1069 5370 Si
1127 5307 1277 5368 ecclesiae
1291 5308 1452 5382 potestate
1465 5307 1618 5378 retineat,
1630 5307 1851 5368 laciendoeas
1863 5320 1920 5383 per

276 5407 350 5486 quis
363 5407 472 5468 antem
489 5405 551 5468 hoc
563 5407 728 5467 attentare
741 5405 999 5482 praesumpserit,
1017 5405 1072 5466 in·
1126 5407 1299 5481 episcopos
1311 5404 1436 5465 stallos
1447 5405 1665 5464 ecclesiarum
1680 5405 1836 5481 praelatos
1847 5417 1919 5465 cum

275 5504 499 5582 dignationem
515 5504 750 5580 omnipotentis
766 5503 835 5575 Dei,
850 5504 884 5564 et
897 5502 1068 5564 beatorum
1125 5503 1298 5579 diligentia
1326 5502 1497 5573 custodiri,
1532 5501 1588 5578 qui
1629 5503 1737 5563 terras
1775 5502 1916 5571 easdem,

276 5602 363 5665 l’etri
378 5603 411 5664 et
427 5603 520 5663 Pauli
539 5601 763 5680 apostolorum
789 5605 862 5679 ejus
884 5617 920 5662 se
939 5603 1070 5664 noverit
1124 5601 1217 5662 salvo
1235 5603 1310 5679 jure
1336 5600 1404 5671 tuo,
1431 5599 1620 5662 custodiant
1640 5602 1697 5662 tua
1723 5601 1757 5662 in
1783 5601 1866 5678 ipsis
1887 5599 1918 5661 et
