4174 6324
113 363 158 422 5³
740 357 967 418 EPISTOLAE.
991 353 1069 418 LIB.
1092 356 1133 416 X.

33 511 36 516 ’
115 518 250 580 dilectis
263 518 342 580 tiliis
357 517 516 580 fratribus
528 515 817 590 predicatoribus,
837 516 911 578 fra-

112 615 292 691 trihnsque
307 615 492 676 Minoribus
507 615 542 674 in
562 630 665 690 regno
680 614 912 676 Marochitano

113 711 161 772 de
173 711 327 772 mandato
349 712 442 772 Sedis
461 712 661 786 Apostolicae
674 711 912 772 commoranti-

111 807 191 880 bus,
209 808 350 868 salutem
361 809 624 884 etApostolicam
635 808 910 869 benedictionem.

160 908 210 966 Ex
238 906 333 981 parte
353 906 467 966 vestra
484 905 548 965 1311
567 906 773 982 propositum
799 921 910 965 coram

113 1002 226 1073 nobis,
243 1001 415 1078 3110113313
431 1002 469 1062 ad
488 1003 679 1064 mandatum
697 1003 792 1064 Sedis
804 1005 912 1078 Apos-

111 1099 228 1158 tolicae
242 1099 430 1160 voluntarie
445 1115 503 1160 vos
521 1093 706 1160 discrimini
723 1099 910 1162 obtuleritis

111 1195 159 1254 oh
174 1195 352 1256 multorum
376 1196 529 1268 salutem,
545 1197 684 1272 provido
702 1197 754 1258 usi
769 1198 908 1258 consilio

111 1292 281 1353 interdum
296 1293 430 1354 mutatis
445 1293 604 1365 habitum,
621 1293 759 1354 barbam
774 1295 909 1356 nutritis

110 1389 150 1449 31
163 1403 303 1459 comam,
317 1405 384 1450 non
399 1390 466 1450 1313
475 1389 756 1452 addeclinandum
772 1391 812 1451 ad
824 1392 910 1452 tem-

110 1501 178 1562 pus
193 1487 299 1560 gentis
314 1485 465 1548 barbarae
477 1486 654 1560 feritatem,
664 1489 777 1564 quaein
789 1488 906 1548 Chris-

111 1583 218 1643 tianis
243 1583 409 1643 crudelius
436 1583 668 1656 debacchatur,
693 1599 790 1662 quam
807 1585 907 1646 etiam

111 1681 152 1739 ut
189 1680 345 1755 prodesse
364 1680 525 1756 pluribus,
554 1683 587 1742 31
607 1682 745 1742 liberius
768 1681 906 1744 visitare

114 1776 321 1838 christianos
336 1778 371 1836 in
394 1777 595 1850 carceribus,
612 1783 644 1840 31
659 1779 740 1840 10313
754 1779 830 1840 31113
846 1795 907 1840 13-

112 1873 213 1934 133113
237 1874 279 1934 ad
308 1874 548 1950 injungendum
579 1876 627 1936 eis
665 1876 903 1952 poenitentiam,

111 1971 258 2032 dandum
273 1971 390 2032 salutis
404 1973 540 2044 monita,
561 1973 783 2034 exhibendam
798 1974 906 2034 eccle-

111 2069 248 2130 siastica
277 2070 495 2131 sacramenta.
525 2072 672 2147 Cumque
698 2072 731 2132 in
746 2071 905 2132 131131113

110 2167 218 2241 gratis
243 2181 309 2226 non
332 2167 469 2242 possitis
481 2167 642 2232 ,victualia
668 2169 830 2240 invenire,
846 2183 904 2244 310

109 2278 160 2332 30,
186 2263 350 2338 quodnon
365 2265 471 2339 panis,
494 2265 548 2324 sed
570 2266 713 2340 pecunia
733 2265 905 2326 consuevit

109 2359 233 2418 ibidem
257 2360 457 2435 pauperibus
482 2361 517 2422 13
544 2362 728 2422 subsidium
759 2363 901 2438 erogari,

110 2471 235 2529 urgens
258 2459 441 2518 necessitas
455 2473 512 2520 vos
542 2460 708 2534 compellit
730 2461 903 2522 caritative

106 2553 341 2628 1331331333ιί
363 2571 464 2630 parce
481 2555 636 2616 denarios
652 2557 853 2632 expendere,
871 2557 904 2618 et

108 2651 336 2728 tantummodo
349 2653 483 2727 propter
492 2651 612 2723 cibum,
625 2655 657 2713 et
672 2653 782 2714 vestes
796 2671 802 2726 ;
816 2655 901 2714 unde

108 2763 185 2806 cum
197 2747 268 2808 haec
278 2747 345 2808 sint
359 2751 473 2810 contra
484 2750 587 2810 vestri
599 2749 726 2810 ordinis
737 2751 899 2822 instituta,
916 2797 918 2802 .

107 2843 188 2904 licet
209 2844 361 2904 videatur
375 2857 433 2906 vos
450 2845 491 2906 ab
515 2845 567 2906 1113
582 2861 743 2906 excusare
757 2847 903 2910 inevita-

107 2940 187 3000 bilis
203 2941 398 3013 necessitas,
415 2957 454 3002 33
469 2943 615 3016 grandis,
639 2944 672 3004 et
687 2943 822 3004 evidens
836 2945 902 3004 uli-

108 3039 185 3098 litas
199 3037 352 3109 aliorum,
368 3039 444 3114 quia
456 3040 566 3100 tamma
578 3055 651 3100 cum
662 3040 723 3101 Job
740 3040 899 3100 veremini

108 3136 222 3194 omnia
237 3137 347 3196 vestra
364 3149 464 3211 opera
478 3136 619 3198 districti
631 3151 770 3198 examen
778 3137 901 3213 judicis

108 3231 306 3302 recolentes,
320 3232 491 3293 humiliter
505 3234 696 3308 postulastis
709 3235 828 3296 vestrae
844 3251 901 3294 su-

108 3345 168 3404 per
183 3329 237 3388 his
257 3345 316 3404 per
334 3329 452 3389 sedem
474 3319 697 3406 apostolicam
730 3331 900 3392 subveniri

108 3425 334 3496 conscientiae,
365 3427 462 3501 atque
489 3426 597 3488 famas.
630 3430 709 3488 Cum
733 3429 835 3503 igitur
854 3443 900 3488 ex

106 3538 210 3582 cansa
225 3523 328 3584 David
344 3539 455 3584 coram
474 3523 666 3584 abimelech
692 3525 821 3599 legatur
838 3526 900 3610 ha-

106 3619 211 3680 bitum
226 3621 455 3691 commutasse,
466 3621 688 3681 acDominum
702 3637 737 3682 se
746 3623 898 3697 Junxisse

106 3717 140 3776 13
171 3718 281 3791 specie
304 3718 471 3792 peregrini
496 3717 668 3792 discipulis
689 3718 724 3776 in
744 3721 897 3780 Emmaus

105 3813 140 3872 111
166 3811 328 3873 fractione
352 3813 448 3888 panis
469 3813 516 3872 eis
538 3813 743 3888 postmodum
763 3817 897 3875 revela-

106 3911 187 3980 tum,
217 3908 274 3984 qui
303 3909 402 3969 etiam
426 3911 494 3969 tam
520 3909 624 3969 dictos
649 3925 768 3986 pueros
799 3929 898 3988 super

106 4023 156 4075 30,
175 4006 261 4081 quod
284 4005 318 4064 in
339 4005 538 4066 necessitate
565 4007 775 4069 comederant
795 4025 896 4084 331103

107 4103 252 4174 sanctos,
275 4119 356 4178 quos
374 4119 431 4164 eos
456 4103 649 4178 contingere
674 4122 739 4166 non
764 4106 894 4177 licebat,

107 4215 204 4274 qnam
217 4200 389 4274 Apostolos
403 4202 588 4272 excusavit,
606 4202 684 4262 dum
699 4203 787 4278 ipsos
808 4204 897 4262 Pha-

105 4295 196 4353 risaei
224 4300 413 4370 arguerent,
450 4299 535 4374 qnod
560 4299 744 4359 esurientes
769 4301 895 4360 alienas

101 4408 167 4452 303
179 4391 257 4452 13113
274 4391 431 4454 fricantes
453 4396 561 4471 spicas
578 4396 730 4455 manibus
741 4397 895 4456 comede-

100 4487 189 4548 bant.
209 4490 277 4547 Nos
289 4489 455 4551 landabile
470 4494 721 4567 opusvestrnm,
739 4494 894 4570 piumque

100 4585 309 4660 propositum
325 4587 532 4649 attendentes
548 4590 667 4650 vestris
684 4591 896 4665 supplicatio-

100 4681 199 4741 nibus
226 4683 389 4755 inclinati,
413 4701 514 4760 super
533 4685 701 4760 praedictis
724 4686 893 4747 vobiscum

100 4777 134 4837 in
151 4779 219 4838 illis
239 4780 442 4854 regionibus,
456 4783 613 4857 quamdiu
628 4783 820 4859 praescripta
835 4801 893 4846 vos

101 4877 209 4937 arctat
219 4877 410 4949 necessitas,
426 4879 458 4938 et
473 4877 592 4940 invitat
608 4879 744 4952 utilitas,
762 4881 895 4942 miseri-

102 4972 246 5036 corditer
283 4974 528 5050 dispensamus,
570 4975 744 5037 dummodo
782 4979 892 5039 tamen

101 5069 191 5130 fraus
206 5085 273 5130 non
288 5071 500 5144 interveniat,
515 5073 586 5134 sive
597 5073 703 5144 dolus,
714 5075 766 5136 vel
782 5076 893 5138 since-

101 5166 233 5228 ritatem
248 5170 392 5229 vestram
403 5169 566 5244 cupiditas
582 5185 648 5230 non
663 5171 810 5233 seducat.

139 5264 259 5324 Datum
288 5267 552 5338 Laterani,le
576 5267 738 5330 kalendas
762 5269 888 5346 aprilis,

101 5361 312 5436 pontificatus
327 5363 433 5424 303111
446 5380 534 5426 3330
546 5365 684 5426 decimo.

1305 525 1424 611 cxix

969 677 1021 736 Act
1033 677 1214 735 sintversos
1235 677 1516 748 archiepiscopos,
1541 676 1759 750 episcoposet

1008 775 1093 832 altos
1114 771 1279 844 31310133
1313 773 1483 844 Ecclesiae,
1509 787 1574 846 per
1598 775 1757 849 Arapltam

1007 869 1221 928 constitutos.

1248 973 1280 1028 l8
1291 973 1385 1028 martii
1399 973 1477 1030 11111.

1155 1095 1260 1158 [Eullar.
1280 1097 1397 1156 1133133,
1409 1097 1451 1154 ΙΙΙ,
1467 1111 1486 1155 1,
1498 1095 1566 1160 aab]

965 1211 997 1268 Ia
1015 1215 1178 1266 3333101031
1201 1209 1398 1268 confessorum
1419 1211 1587 1267 Pontificum
1605 1226 1754 1268 numerum

998 1295 1118 1353 refertur
1141 1300 1172 1354 B.
1188 1297 1369 1368 Wilhelmus,
1388 1297 1576 1356 Eboracensis
1597 1300 1626 1356 in
1649 1299 1754 1372 Anglia

1000 1384 1241 1457 archiepiscopus.

1002 1501 1752 1579 Honoriusepiscopus,servasservorumDei‚

963 1597 1127 1658 universis
1156 1599 1426 1676 archiepiscopis,
1452 1601 1485 1660 et
1510 1601 1685 1678 episcopis,
1720 1602 1754 1662 et

961 1693 1037 1752 aliis
1050 1694 1200 1756 ecclesiae
1222 1697 1380 1772 praelatis,
1396 1697 1429 1758 et
1443 1697 1586 1770 clericis,
1604 1714 1643 1758 ac
1657 1698 1753 1758 laicis

961 1807 1019 1866 per
1031 1793 1185 1867 Angliam
1199 1795 1398 1866 constitutis,
1412 1795 1551 1856 salutem
1565 1795 1598 1856 31
1612 1797 1754 1871 Α30310-

960 1888 1059 1950 licam
1072 1889 1347 1951 benedictionem.

1000 1985 1061 2056 Qui
1089 1986 1203 2048 statuit
1228 1989 1386 2048 terminos
1409 1989 1555 2062 gentium
1571 1988 1753 2050 secundum

959 2097 1132 2142 numerum
1156 2083 1360 2156 angelorum,
1378 2087 1414 2144 ut
1431 2086 1562 2146 ruinam
1585 2086 1749 2161 31331311-

960 2181 1118 2250 33101313,
1132 2180 1284 2255 spiritum
1305 2181 1469 2241 rectorum
1486 2180 1655 2242 hominnm
1666 2198 1749 2257 sup-

959 2277 1103 2351 pletione
1133 2279 1354 2348 restauraret,
1385 2277 1500 2338 volens
1524 2279 1750 2341 diversitatem

958 2373 1103 2448 gentium
1127 2375 1163 2434 in
1191 2374 1398 2434 confessione
1424 2375 1477 2434 sui
1500 2375 1643 2435 nominis
1666 2375 1752 2436 adu-

958 2485 1055 2541 nare,
1086 2473 1288 2550 coaeternum
1315 2471 1442 2532 scilicet
1471 2471 1504 2532 et
1533 2472 1752 2533 consubstan-

957 2567 1069 2627 tialem
1091 2567 1196 2628 lilium
1218 2568 1251 2626 in
1270 2569 1400 2628 uterum
1422 2568 1642 2630 immaculatae
1666 2570 1748 2630 Vir-

957 2663 1044 2738 ginis
1057 2665 1186 2726 coelitus
1207 2666 1387 2726 irroravit:
1406 2665 1461 2742 qui
1477 2666 1693 2742 siquidemex
1707 2681 1747 2728 ea

957 2761 1103 2822 humana
1130 2777 1230 2822 carne
1263 2763 1440 2837 dignanter
1467 2765 1647 2839 assumpta,
1674 2763 1747 2825 fons

957 2857 1026 2928 Dei,
1055 2859 1087 2918 et
1113 2858 1284 2919 hominnm
1305 2861 1467 2920 mediator
1494 2861 1676 2944 Ecclesiam
1704 2861 1745 2921 de

958 2954 1111 3014 omnihus
1137 2955 1291 3028 gentibus
1309 2971 1504 3032 aggregans,
1523 2959 1555 3018 et
1571 2957 1628 3032 qui
1642 2957 1683 3018 de
1698 2957 1750 3017 la-

957 3040 1025 3110 tere
1040 3066 1099 3111 suo
1114 3051 1260 3111 formans
1272 3067 1345 3114 eam
1356 3053 1391 3112 in
1404 3054 1567 3127 sanguine
1582 3054 1748 3115 33013113-

955 3147 1066 3218 1311,31
1078 3147 1170 3216 13111,
1185 3148 1367 3224 ipsamque,
1385 3149 1421 3209 nt
1435 3165 1582 3210 30101313
1594 3150 1746 3226 diligens,

955 3243 988 3304 31
1002 3244 1038 3304 111
1052 3259 1221 3319 33033313,
1235 3245 1384 3306 eamdem
1401 3245 1465 3306 sihi
1473 3247 1588 3322 junxit
1602 3247 1749 3309 invinci-

956 3339 1166 3402 bilicaritate
1181 3359 1187 3396 :
1204 3357 1277 3418 quae
1293 3343 1501 3418 utiqnenova
1517 3359 1647 3420 semper
1656 3345 1749 3421 prole

956 3436 1121 3508 foecunda,
1138 3437 1242 3500 donec
1259 3439 1436 3513 impleatur
1450 3456 1607 3500 numerus
1620 3441 1747 3502 electo-

957 3548 1042 3604 rum,
1063 3533 1183 3608 partim
1207 3535 1346 3596 interra
1369 3535 1484 3598 contra
1499 3537 1610 3599 hostes
1632 3537 1750 3598 multi-

954 3630 1058 3705 plices
1074 3631 1232 3702 militans,
1245 3632 1366 3706 partim
1381 3631 1511 3694 1330310
1526 3650 1601 3696 cum
1614 3634 1745 3698 Christo
1779 3644 1783 3652 '

952 3727 1172 3802 triumphans,
1185 3729 1241 3788 hic
1252 3730 1360 3802 gratia
1381 3731 1609 3805 Redemptoris
1632 3731 1744 3807 adjuta

952 3825 1107 3884 meretur.
1135 3824 1228 3884 Unde
1243 3823 1290 3884 ibi
1315 3825 1460 3886 feliciter
1478 3827 1666 3899 coronatur,
1689 3828 1745 3888 hic

952 3921 1193 3997 contemplatur
1222 3937 1282 3996 per
1310 3923 1480 3998 speculum
1506 3924 1543 3984 in
1566 3925 1743 4000 enigmate,
1802 4004 1803 4007 Ἴ

953 4017 1110 4093 quidquid
1126 4019 1211 4078 facie
1228 4020 1268 4078 ad
1285 4018 1405 4082 faciem
1417 4020 1600 4096 ibicernit3
1617 4023 1650 4084 31
1665 4022 1743 4098 quia

952 4115 1044 4174 tanto
1066 4113 1114 4174 ihi
1143 4115 1288 4190 flagrant
1314 4117 1484 4178 ardentius
1508 4119 1657 4189 caritate,
1687 4119 1744 4194 qul

951 4210 1072 4272 divinae
1085 4211 1241 4272 fruuntur
1255 4213 1430 4274 dulcedine
1449 4214 1598 4284 visionis,
1616 4216 1739 4290 quanto

951 4323 1037 4378 eum,
1073 4308 1129 4382 qui
1163 4309 1284 4368 caritas
1310 4311 1369 4380 331,
1395 4310 1538 4370 vicinius
1557 4311 1738 4382 intueatur,

951 4404 1051 4464 etiam
1064 4403 1099 4463 111
1113 4405 1276 4466 certantes
1293 4419 1359 4464 non
1371 4405 1476 4466 solum
1493 4407 1562 4466 suis
1574 4407 1739 4468 orationi-

950 4499 1010 4558 bus
1040 4499 1200 4576 adjuvant
1224 4501 1311 4576 apud
1331 4505 1434 4562 Deum
1447 4517 1573 4572 verum,
1594 4503 1745 4564 3113113-

950 4595 1099 4656 culorum
1122 4597 1227 4672 signis
1243 4597 1394 4659 obtinent
1415 4597 1608 4670 confortari,
1626 4600 1744 4677 quibus

949 4692 1013 4768 ipsi
1038 4694 1214 4770 magnifice
1236 4696 1461 4767 coruscantes,
1484 4695 1606 4756 divinae
1626 4697 1742 4772 gloriae

949 4790 1126 4867 participes
1142 4791 1356 4853 ineffabiliter
1366 4809 1402 4852 se
1418 4793 1605 4864 ostendunt,
1620 4794 1653 4855 et
1663 4793 1741 4854 dum

949 4886 989 4946 de
1000 4903 1037 4948 re
1049 4888 1089 4947 ad
1103 4903 1206 4963 spem,
1215 4891 1248 4950 et
1259 4889 1299 4948 de
1315 4905 1372 4965 spe
1387 4889 1429 4949 ad
1442 4903 1512 4950 rem
1523 4889 1662 4952 caritate
1673 4892 1744 4950 nul·

948 4983 1076 5045 latenas
1088 4985 1295 5058 decedentes,
1309 4987 1366 5046 sed
1378 4987 1487 5063 potius
1497 4989 1737 5062 argumentata,

947 5081 1105 5142 exliibent
1120 5097 1155 5142 se
1167 5082 1311 5144 feliciter
1326 5085 1528 5160 pervenisse,
1545 5085 1642 5144 datur
1657 5098 1739 5158 pro·

945 5177 1039 5237 missi
1055 5179 1183 5252 praemii
1210 5181 1413 5242 certantibus
1442 5180 1614 5250 certitudo,
1641 5181 1674 5241 et
1692 5180 1741 5242 sic
1806 5237 1809 5247 .

946 5273 1078 5334 finalem
1093 5275 1129 5334 in
1144 5275 1231 5336 bono
1256 5277 1537 5352 perseverentiam
1560 5275 1741 5338 efficaciter

946 5371 1095 5432 suadent.
1114 5373 1193 5442 Quis
1209 5374 1297 5433 enim
1312 5373 1430 5433 videns
1443 5373 1566 5434 3133103
1582 5371 1738 5437 Ecclesiae

944 5469 1018 5543 post
1033 5469 1131 5529 linem
1148 5469 1246 5544 hujus
1262 5470 1338 5530 vitm
1353 5469 1494 5540 felicem,
1511 5470 1607 5530 30113
1628 5482 1739 5529 corus·

944 5579 1022 5624 care
1035 5565 1217 5637 miraculis,
1229 5566 1330 5642 capiti
1342 5565 1561 5642 ejus,Cbristo
1572 5563 1736 5636 videlicet,

943 5675 1009 5720 303
1034 5661 1146 5738 cupiat
1181 5661 1454 5738 inseparabiliter
1485 5661 1673 5731 adbaerere,
1701 5664 1738 5722 ut
