4114 6322
271 315 331 378 tea
884 321 1059 386 bonuau
1081 323 1128 386 111
1146 323 1295 386 OPERA.
1841 330 1904 390 ΞΜ

272 473 563 552 praesumptoribus
592 475 781 550 annaeum,
815 477 901 554 quod
923 481 959 540 at
990 479 1062 557 ipse
1117 481 1145 542 si
1169 483 1220 544 est
1241 483 1300 554 lta,
1325 481 1517 560 prestetum
1535 483 1717 560 capitulum
1735 483 1843 548 donec
1863 485 1909 548 ad

271 571 389 632 merito
411 587 431 632 a
455 587 516 632 sua
538 573 673 650 querela
697 573 845 648 desistat,
868 577 902 638 ct
924 577 983 636 alii
1006 579 1062 638 at·
1117 579 1334 653 praetaxatum
1363 593 1535 642 numerum
1555 581 1711 648 veniant,
1736 579 1778 642 ab
1799 580 1910 656 impe·

271 668 399 730 tentare
422 667 545 730 similia
564 669 780 732 reformident
801 672 973 750 :alioquin
997 674 1060 738 da·
1116 674 1233 734 titione
1248 675 1329 736 dicti
1343 675 1456 738 clerici
1472 676 1662 738 absoluatis.
1678 677 1771 749 Quod
1787 677 1819 738 si
1839 691 1907 738 non

271 779 344 824 mus
359 765 541 826 venerabili
562 765 658 828 tratri
674 769 824 829 nostro...
846 770 1012 848 episcopo,
1028 773 1063 834 et
1116 785 1241 842 omnes,
1258 773 1306 841 tu,
1323 772 1426 832 irater
1436 771 1601 849 episcope,
1622 775 1819 836 elebatum
1838 774 1908 834 La·

270 860 399 922 dilectis
415 861 494 922 filiis
509 865 686 940 praeposito
701 867 734 928 et
753 866 949 928 Primicerio
971 872 1060 930 Are-
1114 868 1223 928 teraui
1236 868 1396 930 kalendas
1410 869 1533 942 martit,
1548 883 1638 933 anuo
1651 869 1836 932 undecimo.

268 957 348 1020 linis
371 959 495 1020 nostris
517 959 638 1022 litteris
668 961 703 1020 in
723 963 908 1034 mandatis,
935 965 1061 1030 uttam

268 1062 339 1126 vos,
353 1069 451 1132 quam
466 1059 721 1134 praesumptores
731 1059 910 1134 jamdictos
923 1061 964 1122 ad
979 1076 1062 1122 oon-
1448 1097 1569 1184 LXXI
1611 1115 1613 1120 ,

267 1148 1057 1230 dignamsauslactionemimpenuenoameidem,

268 1247 301 1310 et
317 1246 359 1308 ad
378 1249 609 1310 resarciendas
625 1265 800 1328 expensas,
824 1268 908 1328 quas
934 1253 997 1314 bac
1017 1253 1060 1316 de
1152 1248 1571 1320 Addrlllt'emffldlordm
1584 1247 1866 1310 ulduvoenldrlvm

267 1357 369 1404 causa
398 1344 509 1417 subiit,
536 1361 596 1422 per
618 1362 778 1408 censuras
802 1349 1057 1424 ecclesiasticas,
1248 1345 1283 1404 S.
1299 1346 1518 1420 Rudepundts
1537 1345 1766 1410 Panaenus.

266 1440 487 1518 appellatione
500 1447 638 1515 remota,
649 1445 858 1522 compellant.
867 1448 984 1508 Datum
994 1450 1060 1508 La·
1392 1473 1411 1530 2
1429 1473 1522 1530 mm,
1542 1473 1623 1531 lttl.

266 1536 387 1610 terant,
416 1540 461 1598 111
487 1538 554 1600 kal.
580 1542 703 1614 martii,
722 1542 933 1618 pontificatus
951 1545 1058 1608 nostri
1133 1593 1879 1664 [pegaseum.xtapistbbu.lls·LsP0rted1¹l'n0ss·]

266 1647 355 1696 anno
374 1635 560 1697 undecimo.

1115 1715 1192 1774 Facit
1209 1717 1252 1776 eis
1267 1724 1447 1789 potestatem,
1465 1719 1629 1790 episcopum
1645 1719 1808 1792 aquensem
1824 1719 1861 1778 ad
1874 1737 1909 1780 se

1150 1801 1225 1878 apud
1239 1803 1340 1862 sedem
1353 1805 1544 1878 Apostolicam
1557 1807 1716 1866 sistendum
1729 1807 1862 1882 cogendi,
1876 1817 1910 1868 ut

534 1923 544 1930 -
612 1891 714 1986 LXX
1148 1908 1254 1960 causae,
1270 1909 1334 1965 quan
1353 1894 1425 1950 inter
1442 1895 1534 1966 ipsum
1555 1902 1583 1952 et
1601 1895 1632 1952 P.
1656 1894 1691 1951 de
1710 1897 1798 1953 Orran
1817 1911 1906 1954 cano·

1148 1981 1244 2038 ulcum
1258 1983 1422 2053 aquensem
1433 1981 1607 2052 vertebatur,
1623 1979 1689 2039 linis
1699 1983 1871 2056 imponatur.

264 2056 316 2116 Ad
334 2057 547 2130 episcopum,
573 2061 794 2120 Bernardum
814 2063 1058 2124 subdiaconum

303 2152 516 2224 nostramet
526 2156 773 2230 smrzedutsum,
784 2161 1059 2222 canoaztcosltea·
1152 2125 1331 2234 ῌΟΠΟΓῙῊ·
1352 2124 1574 2234 mafliloefi‘
1595 2125 1674 2186 filiis
1689 2126 1804 2236 1)ήοΓῇ
1820 2139 1908 2236 ⁰²31·

304 2247 406 2312 um,
1113 2221 1189 2290 tora,
1207 2223 1240 2282 et
1253 2221 1441 2282 succentori
1456 2223 1586 2282 Sanctae
1601 2221 1813 2296 Radeguudas
1829 2225 1910 2285 Pro-

551 2328 676 2386 {martii
693 2329 771 2388 lttl.
1112 2317 1270 2388 tarensis,
1286 2316 1429 2380 salutem
1451 2318 1485 2380 et
1501 2317 1725 2394 Apostolicam
1748 2317 1910 2380 bonomo.

449 2457 567 2524 [upuuu
582 2460 638 2511 nu.
656 2475 736 2521 uera,
753 2463 774 2522 1,
788 2462 871 2526 aaran
1113 2413 1248 2476 tionem.

1152 2510 1298 2572 Dilectus
1320 2508 1408 2570 lilius
1422 2509 1582 2586 magister
1595 2513 1632 2592 P,
1650 2509 1691 2572 de
1705 2513 1824 2584 Omen,
1839 2527 1904 2574 ca-

264 2579 300 2640 Ut
316 2581 471 2654 capitulum
486 2585 645 2642 Narniense
663 2585 770 2644 nullum
792 2586 821 2642 in
843 2587 1013 2646 canonicum
1029 2595 1058 2646 et
1112 2607 1252 2668 nomeu,
1266 2606 1440 2682 Aquensis,
1457 2605 1492 2668 in
1507 2608 1621 2668 nosue
1636 2608 1807 2683 proposuit
1820 2623 1906 2684 pm.

299 2667 328 2724 iu
344 2667 459 2770 tratrem
477 2671 604 2744 recipere
620 2673 743 2746 possint,
755 2673 847 2732 donec
859 2673 1055 2734 adnumerum
1113 2703 1220 2765 sonti,
1236 2703 1445 2774 constitutus,
1459 2703 1545 2778 quod
1562 2717 1709 2776 msam,
1726 2719 1798 2780 qua
1815 2705 1907 2766 intel.

297 2755 498 2816 ⁸⁰¹d⁰¹¹⁸f¹¹¹¹¹¹
513 2757 675 2818 devenim'
1112 2815 1187 2862 eum
1196 2799 1460 2862 etvenarabilem
1471 2799 1606 2860 fratrem
1617 2799 1767 2862 nostrum
1775 2805 1908 2878 Aquon-

304 2891 1053 2970 ilonoriusepiscopus,servasservorumbei,
1112 2911 1181 2956 sem
1208 2897 1398 2971 episcopum
1427 2911 1527 2972 super
1551 2895 1714 2958 electione
1737 2896 1842 2972 ipsius
1869 2899 1909 2960 et

264 2988 431 3066 episcopo,
458 2990 627 3052 Bernardo
651 2991 853 3054 subdiacono
874 2997 1000 3068 nostro,
1024 2999 1058 3058 et
1111 2991 1210 3052 rebus
1222 2991 1298 3052 aliis
1313 2991 1464 3062 vertitur,
1481 2991 1606 3052 decano
1625 2993 1854 3054 xanctonensi
1870 2995 1906 3056 et

266 3085 471 3162 Signedullo,
487 3087 657 3150 canonicis
674 3090 834 3162 Reatinis,
851 3093 914 3154 etc.
1112 3089 1250 3164 collegis
1272 3089 1342 3148 suis
1368 3087 1490 3148 dudum
1513 3087 1668 3150 duximus
1691 3090 1905 3150 committan-

305 3182 423 3244 Dilectl
448 3183 519 3254 lilii,
553 3185 733 3260 capitulum
770 3189 969 3260 Narniense,
996 3205 1056 3252 sua
1112 3185 1197 3257 dam,
1210 3185 1266 3262 qui
1277 3185 1458 3261 eamjuxta
1469 3183 1595 3260 recepti
1607 3184 1746 3246 formam
1757 3186 1906 3248 mandati

264 3277 361 3340 uobis
375 3279 534 3356 petitione
549 3283 785 3354 monstrarunt,
801 3283 976 3360 quodcum
992 3286 1056 3361 ipsi
1111 3282 1205 3347 nobis
1234 3283 1434 3342 remiserunt
1458 3279 1662 3342 sufficienter
1692 3279 1903 3354 instructam,

264 3375 354 3450 olim,
385 3378 532 3454 pensatis
555 3378 706 3440 ecclesiae
732 3396 801 3442 suae
831 3380 1054 3455 facultatibus,
1111 3377 1478 3456 praellgentespartibus
1492 3379 1619 3440 certum
1634 3377 1822 3446 terminum,
1837 3395 1905 3456 quo

262 3473 304 3535 de
320 3473 524 3536 venerabilis
544 3475 657 3538 fratris
678 3478 783 3538 nostri
799 3477 946 3556 episcopi
968 3481 1057 3540 Nar·-
1111 3478 1223 3537 nostro
1239 3491 1274 3536 se
1290 3475 1479 3552 conspectui
1498 3475 1747 3552 praesentarent,
1763 3479 1905 3538 senteu-

262 3569 389 3632 niensis
402 3587 553 3644 assensu,
570 3572 806 3634 sexdeuarium
818 3577 1055 3638 canonicorum
1111 3575 1191 3635 tiam
1205 3573 1399 3650 recepturae.
1416 3573 1538 3632 Verum
1553 3571 1630 3634 licet
1645 3573 1731 3634 idem
1744 3574 1905 3649 magister

262 3681 436 3730 numerum
466 3667 500 3730 ln
524 3669 667 3730 ecclesia
693 3671 766 3746 ipsa
796 3671 956 3744 taxariut,
982 3675 1055 3735 sta-
1111 3667 1152 3731 ad
1181 3669 1331 3731 eumdem
1364 3669 1542 3730 terminum
1568 3669 1717 3742 venerit,
1747 3673 1781 3732 at
1814 3671 1904 3734 ultra

186 3797 194 3822 .
260 3765 402 3834 tuentes,
420 3767 455 3827 ut
474 3766 586 3826 nullus
603 3766 785 3842 recipiatur
802 3767 935 3842 ibidem,
951 3769 1056 3832 donec
1110 3767 1287 3828 terminum
1307 3781 1372 3826 non
1398 3766 1470 3826 sine
1488 3766 1618 3842 magnis
1642 3767 1798 3844 expensis
1812 3768 1901 3844 apud

262 3861 440 3924 deveniant
460 3863 501 3922 ad
524 3878 697 3924 numerum
719 3865 951 3939 praetaxatum.
967 3883 1056 3928 nunc
1113 3863 1230 3926 sedem
1260 3863 1484 3940 apostolicam
1516 3864 1715 3939 expectavit,
1745 3863 1904 3940 praeiatus

262 3959 398 4020 extunc
413 3959 512 4018 etiam
529 3959 594 4018 nisi
610 3959 735 4021 luerint
753 3961 788 4020 in
803 3962 908 4022 sacris
923 3963 1055 4024 ordini·
1110 3963 1221 4022 amen
1251 3961 1426 4037 episcopus
1449 3975 1511 4021 uec
1533 3961 1642 4032 venit,
1666 3976 1729 4022 nec
1757 3961 1905 4038 aliquem

262 4051 324 4114 bus
346 4054 527 4122 constituti,
547 4071 673 4132 nosque
697 4057 854 4118 statutum
876 4058 974 4134 uuus
996 4077 1056 4136 per
1112 4073 1170 4133 pro
1197 4073 1232 4118 se
1259 4058 1506 4135 procuratorem
1535 4057 1668 4128 direxit,
1691 4063 1905 4134 comparente

262 4165 319 4212 eos
337 4152 527 4228 jnramento
548 4153 713 4214 firmatum
730 4155 929 4216 auctoritate
949 4159 1056 4232 Apos-
1111 4169 1169 4230 pro
1200 4169 1240 4214 eo
1273 4154 1308 4214 iu
1339 4153 1516 4231 praesentia
1537 4153 1652 4214 nostra
1672 4153 1828 4230 quodam,
1845 4157 1904 4232 qui

260 4247 362 4310 tolica
377 4249 532 4310 duximus
553 4250 826 4324 confirmandum,
853 4253 888 4314 p,
914 4253 1055 4314 clericus
1109 4251 1287 4328 requisitus
1320 4265 1342 4310 a
1373 4249 1469 4310 nobis
1507 4249 1549 4312 ad
1588 4249 1832 4326 impetrandum
1868 4253 1904 4314 el

262 4345 302 4406 ad
332 4361 389 4406 eos
416 4347 522 4424 primo
550 4347 757 4420 monitorias,
782 4364 822 4409 ao
848 4350 1054 4425 postmodum
1110 4347 1402 4410 conuauioendum
1429 4347 1613 4418 dumtaxat,
1641 4348 1694 4408 vel
1721 4347 1763 4408 ad
1791 4349 1903 4425 impe-

260 4444 497 4520 praeceptorias
508 4460 608 4522 super
618 4445 808 4522 receptione
820 4461 881 4506 sua
891 4447 925 4506 in
938 4448 1053 4508 eadem
1109 4445 1276 4516 diendum,
1288 4444 1402 4506 verius
1413 4459 1448 4506 se
1459 4443 1583 4520 abipso
1596 4444 1768 4520 proposuit
1780 4444 1906 4506 babere

260 4539 409 4601 Ecclesia
420 4543 552 4602 nostras
565 4541 693 4604 litteras
704 4543 903 4617 impetravit,
915 4560 1054 4619 quarum
1109 4541 1310 4610 mandatum,
1331 4555 1433 4616 super
1455 4555 1519 4617 quo
1536 4541 1728 4616 juramento
1752 4541 1902 4618 praestito

260 4637 459 4700 auctoritate
494 4637 583 4718 ipsos
617 4639 846 4716 multipliciter
880 4639 1051 4716 inquietat.
1109 4638 1312 4712 ildemlecit3
1329 4638 1443 4713 sicque
1464 4637 1590 4698 nullum
1613 4652 1715 4698 causa
1739 4638 1901 4714 praedicta

261 4733 370 4805 Quare
383 4734 479 4796 nobis
491 4734 662 4798 humiliter
673 4735 912 4812 supplicarunt,
929 4737 965 4797 ul
979 4754 1053 4798 cum
1108 4737 1214 4812 potuit
1228 4735 1352 4796 babere
1365 4749 1568 4811 processum,
1583 4735 1816 4811 propterquod
1834 4752 1903 4798 non

259 4829 408 4891 nondum
431 4831 472 4892 ad
492 4833 712 4908 praetaxatum
727 4847 901 4894 numerum
918 4833 1054 4894 sintra-
1107 4833 1147 4893 de
1166 4835 1261 4909 jura,
1287 4831 1344 4892 sed
1370 4831 1409 4892 de
1431 4831 1541 4906 gratia
1566 4831 1704 4906 speciali
1729 4833 1902 4896 citandum

258 4926 358 5000 danti,
371 4929 633 5006 etjamquinque
646 4929 686 4990 ad
698 4929 889 4990 mandatum
902 4933 1052 4992 nostrum
1107 4929 1214 4990 adbuc
1235 4929 1438 5004 providimus
1458 4927 1648 5004 episcopum
1668 4931 1902 4991 memoratum.

258 5025 375 5088 devote
410 5026 607 5102 receperint,
645 5041 684 5088 ac
717 5025 874 5102 praelatus
909 5027 1052 5088 clericus
1107 5027 1219 5102 Nuper
1235 5027 1345 5088 autem
1360 5025 1518 5101 praelatus
1534 5025 1693 5099 magister
1708 5041 1782 5086 cum
1798 5028 1903 5090 multa

258 5121 404 5184 noudum
431 5123 472 5184 ad
499 5137 613 5186 sacros
647 5121 781 5184 ordines
801 5125 845 5184 sit
868 5125 1050 5199 promotus,
1106 5137 1239 5198 precum
1260 5123 1431 5192 instantia,
1448 5121 1533 5182 sicut
1553 5121 1745 5182 multotiens
1763 5121 1902 5196 lecerat,

255 5218 347 5295 ipsos
362 5219 402 5282 ab
417 5223 490 5296 ejus
510 5219 716 5298 impetitione
729 5217 902 5282 absolvere
918 5219 1052 5282 miseri·
1107 5219 1275 5280 humiliter
1291 5218 1478 5295 postulavit,
1499 5219 1535 5278 ut
1549 5234 1623 5278 cum
1645 5219 1737 5280 tanto
1752 5221 1902 5296 tempore

256 5315 633 5392 corditerdlgnaremur.
643 5317 800 5378 Nolentes
812 5317 1051 5394 igiturdevotis
1106 5314 1268 5374 inutiliter
1282 5313 1517 5390 expectaverit,
1534 5311 1820 5374 nonobstantibus
1835 5315 1902 5375 ali·-

255 5427 374 5488 graaes
408 5413 570 5486 existere,
597 5413 718 5490 quibus
750 5414 860 5490 potius
892 5413 1051 5476 exhibere
1105 5410 1224 5487 quibus
1238 5409 1495 5472 littarisauobis
1508 5408 1661 5480 obtentis,
1678 5411 1905 5486 peremptorie

256 5509 411 5572 convenit
432 5525 494 5572 nos
517 5510 689 5587 benignos,
713 5509 906 5572 discretioni
930 5511 1049 5572 vestrae
1105 5508 1285 5569 citaremus
1309 5506 1462 5568 cumdem
1497 5505 1688 5590 episcopum
1718 5509 1833 5568 nostro
1861 5525 1900 5570 se

255 5608 510 5684 parapostonca
520 5609 644 5686 scripta
657 5608 861 5678 mandamus,
874 5607 1049 5686 quatenus,
1105 5604 1296 5679 conspectui
1304 5603 1813 5680 personaliterpraesentandum,
1822 5620 1902 5668 eum
