4174 6324
296 311 335 374 31
915 309 1090 374 HONORII
1112 311 1157 374 Ill
1178 311 1323 376 OPERA.
1897 316 1937 376 32

297 473 461 534 insultare
483 473 599 532 contra
619 469 764 534 cultores
781 470 858 532 lidei
883 473 1088 544 orthodoxae,
1187 474 1280 534 Sicut
1293 471 1466 534 serenitati
1488 473 1553 534 tuae
1564 475 1635 549 jam
1661 473 1829 536 multoties
1842 473 1938 537 litte-

299 568 527 646 experimento
538 569 737 644 cognoscent
748 567 845 644 quod,
859 569 922 628 etsi
932 569 1091 628 Dominus
1147 569 1194 630 ris
1218 571 1340 631 nostris
1360 570 1549 630 insinuasse
1572 570 1762 642 recolimus,
1780 573 1939 648 inspectis

298 667 412 727 fideles
440 681 517 724 suos
544 667 678 741 propter
706 665 840 740 peccata
869 665 1015 740 ipsorum
1050 666 1090 725 ad
1147 665 1332 741 privilegiis
1357 665 1434 735 tuis,
1463 665 1587 741 liquido
1621 667 1879 738 continentibus,
1905 668 1939 728 te

298 764 577 840 tempusquadam
588 761 989 838 confusioneperiuderit‚
1003 761 1091 838 ipsos
1147 763 1269 823 terram
1283 765 1388 834 Bozae,
1407 777 1446 822 ac
1466 763 1553 823 ultra
1577 763 1706 824 Montes
1722 764 1870 836 Nivium,
1887 765 1940 825 di-

297 858 490 940 tamenjejus
506 859 676 920 miseratio
690 861 849 936 perpetuo
864 874 930 918 non
944 859 1089 935 reliquit.
1147 859 1241 920 lectis
1267 859 1345 918 filiis
1374 859 1531 920 iratribus
1551 861 1668 920 domus
1696 861 1878 937 Hospitalis
1903 865 1937 922 S.

338 959 512 1028 Caeterum,
541 957 618 1034 quia
647 957 726 1018 tunc
754 959 821 1018 Deo
851 959 987 1031 accepta
1014 956 1092 1016 sunt
1146 955 1261 1016 Mariae
1273 955 1941 1032 Tbeutonicorumregialiberalitatedo·

296 1057 443 1117 humana
461 1053 608 1125 servitia,
631 1053 761 1114 eumad
784 1056 855 1130 ejus
877 1053 1036 1114 honorem
1058 1055 1092 1114 et
1147 1067 1257 1123 nasse,
1295 1053 1419 1113 terram
1442 1054 1549 1129 ipsam
1578 1054 1619 1114 ad
1647 1070 1780 1130 precum
1804 1055 1937 1116 tuarum

298 1153 431 1214 landem
453 1151 681 1229 principaliter
696 1151 899 1220 reseruntur,
915 1151 1091 1211 discretio·
1146 1149 1366 1208 constantiam
1385 1149 1445 1208 sub
1469 1149 1667 1224 apostoncae
1690 1149 1784 1210 Sedis
1804 1155 1938 1227 protac-

299 1265 374 1311 nem
398 1252 490 1311 tuam
508 1248 752 1309 sollicitandam
778 1247 935 1308 duximus
964 1248 996 1308 et
1015 1263 1090 1308 mo·
1146 1243 1235 1304 tione
1248 1245 1462 1320 suscepimus,
1483 1260 1620 1321 eamque
1637 1245 1790 1308 libertate
1808 1247 1939 1308 dotavi-

298 1347 451 1420 nendam,
469 1363 528 1423 per
551 1344 740 1422 apostolica
766 1345 827 1405 tibi
852 1343 976 1420 scripta
993 1360 1091 1404 man·
1146 1357 1220 1401 mus
1231 1341 1380 1417 speciali,
1397 1343 1656 1404 statuendoeam
1676 1343 1770 1414 nulli,
1788 1344 1854 1404 nisi
1868 1347 1938 1406 Ro-

299 1445 426 1514 dantes‚
445 1445 607 1518 quatenus
624 1441 733 1516 ipsum
749 1455 872 1516 regem,
890 1442 923 1501 et
937 1439 1091 1514 praelatos
1147 1453 1245 1499 mano
1259 1437 1412 1499 Pontifici
1431 1439 1613 1515 subjacere,
1631 1441 1795 1516 quatenus
1821 1441 1938 1502 eadem

300 1557 340 1603 ac
359 1539 531 1614 magnates
554 1538 640 1600 alios
666 1537 746 1597 dicti
772 1537 879 1612 regni,
911 1536 1091 1598 secundum
1146 1549 1205 1610 per
1219 1535 1281 1596 hoc
1305 1535 1434 1596 colonis
1458 1537 1556 1597 citius
1580 1537 1789 1614 impleretur3
1815 1539 1848 1599 et
1871 1539 1937 1600 tuae

300 1639 411 1700 datam
425 1635 520 1697 tibia
549 1637 616 1696 Deo
636 1634 845 1710 prudentiam
858 1649 993 1694 moneas
1014 1633 1092 1694 dili·
1145 1632 1333 1707 largitionis
1356 1633 1509 1693 meritum
1523 1649 1562 1694 eo
1578 1633 1677 1694 altius
1692 1634 1854 1710 surgeret,
1871 1650 1936 1712 quo

297 1735 423 1813 genter,
440 1735 486 1805 ut,
506 1731 665 1792 habentes
687 1731 871 1806 simplicem
899 1731 1031 1792 oculum
1055 1731 1091 1789 in
1146 1728 1236 1804 pium
1245 1729 1481 1791 munificentiae
1496 1731 1561 1792 tuae
1577 1731 1699 1791 donum
1709 1733 1819 1792 Terrae
1834 1733 1936 1793 Sanc-

299 1834 364 1894 hoc
378 1831 476 1901 iactu,
494 1830 655 1906 quatenus
669 1827 767 1888 arbor
780 1827 867 1889 bona
883 1827 983 1888 iaciat
997 1826 1090 1888 lruc-
1145 1826 1198 1897 tae,
1216 1828 1310 1902 cujus
1325 1825 1492 1902 obsequiis
1505 1827 1584 1888 dicti
1599 1827 1719 1888 iratres
1734 1843 1771 1889 se
1785 1829 1936 1890 totaliter

299 1928 478 1999 tusbonos
488 1927 689 1987 oblationem
705 1925 854 2002 obsequii
863 1926 915 1985 sni
931 1939 997 1985 non
1011 1939 1093 1985 con·
1146 1922 1368 1994 devoverunt,
1404 1923 1539 1984 uberius
1577 1925 1778 2000 proveniret.
1813 1925 1939 1986 Deinde

300 2026 463 2090 taminent
496 2023 639 2099 alicujus
681 2023 898 2083 ammixtione
921 2020 1089 2093 fermenti,
1146 2021 1219 2094 post
1242 2019 1363 2080 multas
1377 2020 1573 2082 vexationes
1597 2021 1630 2082 et
1652 2021 1833 2093 molestias,
1855 2037 1938 2098 quas

300 2123 358 2184 sed
373 2121 464 2182 omni
478 2121 559 2181 vitio
575 2119 764 2195 cupiditatis
780 2118 926 2188 excluso,
946 2119 995 2178 sic
1010 2133 1092 2194 pure
1146 2131 1246 2192 super
1273 2117 1361 2178 dicta
1377 2117 1467 2178 terra
1489 2117 1655 2178 dicebaris
1677 2118 1759 2194 ipsis
1780 2118 1938 2180 ibatribus

296 2219 470 2282 intendant
485 2217 526 2278 ad
540 2217 812 2292 exstirpationem
827 2215 994 2276 baereticae
1014 2230 1092 2292 pra·
1145 2213 1322 2288 irrogasse,
1336 2229 1436 2290 super
1448 2213 1567 2290 quibus
1579 2215 1639 2276 tibi
1657 2215 1823 2277 multoties
1839 2215 1933 2277 dire-

298 2317 423 2386 vitatis,
438 2315 523 2394 quod
536 2315 578 2376 ad
593 2314 819 2390 occupandum
837 2315 961 2374 terram
976 2313 1092 2378 catlto·
1145 2311 1255 2370 ximus
1269 2311 1390 2386 scripta
1401 2315 1526 2383 nostra,
1543 2311 1576 2372 te
1595 2311 1727 2372 demum
1742 2313 1865 2374 nostris
1875 2329 1939 2374 au-

298 2415 453 2485 licorum,
479 2429 519 2474 ac
542 2411 732 2488 specialiter
753 2409 794 2470 ad
818 2411 940 2472 terram
959 2410 1090 2486 imperii
1144 2407 1236 2466 ribus
1271 2408 1456 2476 intimante,
1490 2409 1576 2484 quod
1610 2409 1675 2486 ipsi
1701 2408 1822 2471 iratres
1854 2410 1938 2472 lines

298 2513 352 2574 vel
376 2527 492 2586 regum
513 2509 642 2583 Angliae
665 2523 704 2568 ac
724 2510 914 2582 Aragonum
939 2507 1037 2567 sitam
1055 2507 1090 2567 in
1145 2505 1434 2580 possessionum,a
1449 2507 1481 2567 te
1495 2505 1559 2566 sibi
1570 2521 1815 2578 concessarum,
1827 2523 1952 2588 egres·¹

298 2608 448 2686 partibus
461 2606 529 2667 illis
555 2620 673 2665 manus
693 2604 872 2666 extendere
887 2619 953 2665 non
963 2619 1091 2681 praesu·
1146 2602 1185 2674 si,
1198 2601 1357 2679 quasdam
1372 2619 1414 2664 ex
1428 2603 1492 2664 tuis
1506 2603 1771 2678 possessionibus
1794 2620 1938 2681 occupa-

297 2705 400 2778 mant,
413 2721 455 2764 ne
468 2703 624 2780 pietatem
639 2701 843 2762 conuertisse
857 2701 1034 2761 videantur
1055 2700 1090 2760 in
1145 2701 1237 2775 runt3
1255 2715 1329 2760 cum
1344 2714 1403 2775 per
1430 2699 1558 2761 litteras
1582 2702 1713 2762 nostras
1741 2701 1939 2763 mandasse-

190 2846 193 2857 .
299 2802 472 2879 quaestum,
499 2800 531 2860 et
545 2799 586 2860 ad
612 2813 708 2858 suurn
733 2798 908 2859 retorsisse
934 2813 1091 2874 compen·
1145 2813 1217 2858 mus
1232 2797 1367 2868 eisdem,
1382 2799 1419 2858 ut
1431 2796 1519 2873 ipsas
1534 2799 1763 2874 possessiones
1783 2799 1849 2860 tuae
1864 2799 1938 2862 cel-

299 2897 484 2976 diumquod
494 2896 534 2958 ob
546 2895 693 2958 divinum
705 2897 887 2956 noscuntur
897 2894 1089 2972 obsequium
1145 2894 1282 2954 situdini
1320 2895 1542 2966 restituerent,
1580 2895 1613 2956 et
1646 2895 1687 2956 ab
1721 2897 1939 2972 occupatione

300 2987 490 3072 incoepisse.
1145 2991 1287 3051 aliorum
1306 2990 1467 3051 bonorum
1482 2992 1613 3052 tuorum
1629 2991 1669 3052 de
1693 2993 1813 3054 caetero
1829 2993 1936 3054 absti-

339 3092 487 3167 Denique
500 3090 581 3150 illud
596 3090 657 3150 tibi
672 3104 745 3149 esse
766 3089 919 3150 volumus
935 3088 1091 3149 maniies·
1145 3089 1271 3149 nerent.
1288 3089 1348 3158 Tu,
1365 3089 1451 3164 quod
1473 3081 1710 3160 intelleximus,
1736 3089 1776 3150 de
1802 3107 1938 3166 posses·

300 3190 381 3260 tum,
396 3186 482 3264 quod
508 3186 604 3246 nobis
631 3187 663 3245 et
678 3185 836 3246 iratribus
858 3185 1090 3246 nostrisvalde
1145 3184 1293 3244 sionibus
1307 3185 1385 3254 illis,
1407 3200 1490 3260 quas
1514 3185 1709 3248 dicebantur
1733 3187 1829 3247 extra
1854 3203 1937 3249 cou-

299 3286 474 3348 molestum
493 3283 666 3354 existeret,
689 3283 719 3342 si
742 3283 833 3343 terra
859 3282 987 3358 praefati
1001 3283 1089 3358 regis
1145 3297 1313 3341 cessarum
1336 3281 1399 3340 sibi
1431 3282 1591 3343 terminos
1613 3298 1807 3360 occupasse,
1826 3285 1936 3346 nitens

298 3383 443 3460 Angliae,
482 3396 579 3458 quam
624 3378 723 3440 habet
754 3379 787 3439 in
818 3379 968 3456 partibus
1000 3380 1087 3450 illis,
1144 3379 1348 3455 retorquere,
1364 3379 1656 3455 adillaS,·quaseis
1671 3382 1726 3456 pia
1737 3381 1938 3444 liberalitate

299 3479 490 3556 hujusmodi
518 3477 693 3538 occasione
723 3477 848 3537 destrui
886 3478 1091 3552 contingeret
1145 3475 1285 3547 donasti,
1304 3477 1337 3536 et
1351 3491 1434 3552 quae,
1452 3479 1487 3537 ut
1511 3475 1676 3548 duximus
1694 3479 1742 3538 eis
1758 3479 1799 3538 ad
1821 3495 1937 3555 preces

298 3577 352 3638 vel
374 3575 498 3645 invadi,
516 3573 593 3650 quia
620 3589 692 3649 quae
715 3574 862 3648 ejusdem
881 3575 971 3648 regis
1000 3591 1091 3636 com·
1144 3573 1935 3650 tuassuntauctoritateApostolicaconfirmatae,

299 3671 736 3735 modoetlronoriicnemur
759 3671 940 3742 intendere,
959 3672 1089 3732 dicere·
1144 3669 1333 3746 praecepisti
1359 3670 1495 3742 eisdem,
1514 3671 1549 3731 ut
1569 3673 1692 3732 terram
1717 3675 1823 3748 ipsam
1845 3690 1865 3733 a
1892 3677 1935 3746 te,

300 3785 375 3830 mur
389 3772 461 3846 ejus
476 3767 570 3844 gravi
584 3767 756 3843 dispendio
770 3783 903 3827 causam
917 3768 1089 3829 manifeste
1144 3769 1240 3843 prout
1259 3769 1328 3842 jam
1353 3767 1518 3840 duximus,
1541 3767 1604 3828 sibi
1630 3769 1785 3830 donatam
1808 3771 1938 3832 intuitu

300 3866 439 3926 dedisse.
463 3866 571 3935 Quare
587 3864 720 3923 studeas
745 3864 887 3924 sollicite
902 3865 1086 3940 prouidere,
1144 3865 1287 3939 pietatis,
1302 3865 1332 3924 et
1348 3879 1367 3924 a
1384 3863 1467 3924 Sede
1485 3866 1674 3940 apostoliea
1690 3867 1935 3936 confirmatam,

299 3963 335 4024 ut
356 3961 595 4023 catholicorum
611 3959 767 4030 omnium,
785 3961 817 4022 et
832 3961 1021 4036 specialiter
1038 3962 1090 4040 ip-
1142 3960 1369 4021 tibicontinuo
1385 3961 1608 4036 resignarent3
1629 3963 1689 4034 eie,
1702 3964 1767 4022 nisi
1782 3966 1937 4039 tuaeJus-

300 4057 481 4135 siusregis,
499 4057 689 4117 honoreset
709 4059 785 4132 jnra
800 4057 928 4118 illibata
949 4073 1087 4119 serven·
1144 4056 1230 4117 sioni
1259 4059 1424 4133 parerent,
1450 4060 1567 4133 gravia
1602 4060 1845 4122 comminando.
1876 4063 1937 4122 His

297 4159 362 4229 tur,
381 4155 562 4217 secundum
577 4155 734 4215 statutum
750 4155 889 4215 Concilii
910 4157 1086 4230 generalis,
1143 4154 1255 4230 itaque
1289 4155 1330 4214 ad
1368 4155 1570 4216 audientiam
1605 4159 1752 4218 nostram
1787 4158 1937 4234 ipsorum

298 4253 485 4316 eaminhoc
496 4251 701 4328 diligentiam
713 4250 910 4322 adhibendo
925 4253 1009 4328 quod
1023 4255 1088 4316 tuae
1143 4249 1282 4310 fratrum
1295 4251 1519 4312 insinuatione
1533 4253 1681 4328 perlatis,
1697 4270 1757 4315 nos
1771 4255 1890 4316 honori
1903 4259 1936 4318 et

298 4349 604 4426 circumspectionis
639 4347 896 4412 sollicitudinem
924 4351 1088 4426 possimus
1143 4348 1243 4409 saluti
1257 4350 1334 4420 tuae,
1351 4351 1465 4425 acJuri
1480 4349 1643 4410 dictorum
1657 4351 1795 4412 fratrum
1813 4353 1934 4413 volen-

298 4447 334 4506 in
348 4446 411 4506 boc
425 4446 867 4522 specialitercommendare.
879 4445 949 4523 (Sic
962 4450 1088 4510 terraci-
1142 4447 1203 4517 teS,
1240 4449 1337 4521 prout
1367 4446 1408 4506 ad
1436 4449 1586 4508 nostrum
1619 4449 1745 4522 spectat
1774 4449 1932 4523 osticium,

298 4543 415 4615 notter,
432 4545 556 4615 absque
570 4541 903 4620 temporarionoto.)
1143 4543 1326 4618 providere,
1342 4543 1671 4620 circumspectionem
1682 4547 1773 4606 tuam
1795 4562 1855 4622 per
1876 4548 1934 4608 lit-

1143 4641 1232 4699 teras
1248 4641 1378 4700 nostras
1393 4655 1539 4711 monere,
1552 4656 1591 4701 ac
1606 4642 1734 4703 hortari
1747 4643 1933 4704 studuimus

1143 4735 1329 4812 diligenter,
1358 4740 1394 4798 ut
1420 4739 1600 4814 prudenter
1627 4741 1811 4812 attendens,
1847 4742 1932 4818 quod

442 4903 445 4910 .
632 4780 755 4866 XCIX
1143 4834 1227 4893 nilril
1253 4836 1288 4893 in
1308 4835 1378 4896 tuto
1391 4835 1573 4911 reponitur,
1591 4835 1657 4896 nisi
1670 4837 1755 4914 quod
1771 4837 1826 4914 pia
1849 4837 1934 4900 libe-

389 4934 439 4994 Aa
458 4933 643 4999 andream,
661 4945 778 5005 regem
793 4933 996 5006 Huatgortoe.
1142 4931 1434 5002 ralitatedonatur,
1450 4933 1652 5008 acpraeiatas
1663 4933 1933 4997 litterasnostras

546 5061 578 5118 47
603 5058 736 5116 februarii
757 5060 838 5116 1225·
1143 5028 1323 5088 secundum
1339 5043 1457 5088 sanum
1472 5029 1675 5090 intellectum
1692 5033 1846 5108 superius
1867 5049 1931 5094 ex-

1142 5139 1302 5200 pressum,
1319 5126 1498 5202 accipisne,
1513 5127 1617 5188 dictos
1632 5127 1752 5189 iratres
1774 5146 1841 5190 non
1860 5146 1934 5191 mo-

1142 5219 1280 5282 lestares
1302 5221 1441 5283 ulterius
1464 5239 1564 5300 super
1582 5225 1672 5285 terra
1696 5225 1760 5286 sibi
1783 5243 1803 5287 a
1828 5228 1861 5288 te
1876 5229 1932 5303 pia

295 5301 440 5363 Andream
456 5313 557 5372 lesem
577 5299 730 5371 Hssssssflfloe
749 5299 875 5370 equitum
896 5299 1083 5360 Theutonico-
1141 5316 1341 5377 liberalitate
1370 5318 1502 5390 donata,
1528 5318 1586 5378 sed
1612 5335 1686 5380 eam
1710 5322 1847 5397 pacifice
1867 5323 1931 5384 sibi

331 5405 394 5450 rum
419 5385 654 5456 revoetssdffluffl,
687 5386 963 5446 l0⁸¹i1u⁰ssd0fflffll0
993 5393 1084 5464 elifii
1140 5412 1324 5475 dimitteres
1354 5415 1535 5476 secundum
1559 5415 1682 5478 limites
1703 5417 1739 5477 in
1754 5419 1931 5496 privilegio

330 5474 621 5538 0³¹ffl¹¹²⁸⁰⁰¹¹oe¹¹¹¹⁰¹
1019 5553 1023 5562 .
1139 5511 1205 5572 tuae
1230 5510 1418 5573 donationis
1433 5528 1622 5588 expressos,
1644 5529 1683 5574 ac
1703 5515 1855 5577 restituto
1881 5517 1931 5579 eis

334 5603 512 5675 Honorius,
525 5600 598 5674 eto,
612 5600 1081 5680 illustriregiHungariae,etc.
1141 5607 1281 5686 quodam
1297 5609 1417 5682 castro,
1435 5627 1499 5696 quo
1510 5611 1670 5687 spoliasse
1686 5611 1850 5676 dicebaris
1860 5629 1931 5676 eos-

405 5184 496 5250 [l'sjer,
518 5181 579 5233 Cod.
601 5182 709 5246 diplom.
726 5183 818 5245 Hung,
832 5183 873 5241 lll,
888 5197 917 5242 n,
928 5183 978 5248 ib]
