4114 6322
753 361 981 424 EPISTOLAE.
1004 366 1083 428 nin.
1105 370 1161 430 XI.

470 519 593 608 XLVI

284 678 336 736 Ad
349 678 546 754 episcopam
559 685 780 747 Esculcnam.

404 827 436 884 l7
446 826 571 899 januarii
585 831 664 888 1227.

182 963 310 1024 [Theium
322 964 383 1015 Cod.
394 965 456 1031 dipl.
468 967 577 1019 dominii
588 976 677 1038 temp,
690 973 710 1032 l,
723 973 763 1034 82,
777 988 803 1024 n.
816 973 882 1040 l37.]

131 1096 277 1170 Episcopo
292 1099 444 1170 Esculano,
458 1115 495 1158 nc
510 1109 677 1161 extraneum
691 1105 727 1162 ad
744 1108 929 1179 potestariam

170 1185 216 1242 vel
240 1187 391 1246 rectoriam
406 1189 529 1250 civitatis
545 1192 614 1265 eligi
630 1195 783 1266 permittat,
807 1211 841 1253 ac
859 1199 927 1256 Ber·

169 1271 299 1416 gheldum
315 1283 484 1348 potestatem
496 1281 669 1340 monianum
681 1297 747 1342 eam
763 1282 799 1342 ob
811 1299 929 1342 censam

191 1361 316 1420 estituat.

175 1497 344 1558 Honorius
358 1499 545 1578 episcopus,
568 1503 644 1576 etc,
660 1504 845 1567 venerabili
859 1505 930 1567 lra-

134 1592 180 1652 tri
195 1594 352 1672 episcopo
367 1598 545 1672 Esculano,
561 1600 713 1674 salutem,
730 1603 793 1664 etc.

174 1691 373 1754 iamdudum
383 1695 531 1757 Ecclesia
546 1699 696 1760 Romana
709 1699 846 1776 provide
860 1699 929 1762 sta-

134 1787 202 1848 tuit
220 1789 254 1849 et
271 1792 430 1868 praecepit
442 1793 681 1856 inviolabiliter
696 1796 877 1869 observari,
893 1798 929 1858 nt

131 1885 247 1946 nullus
263 1888 398 1949 omnino
414 1887 594 1952 extraneus
613 1892 739 1970 absque
755 1893 927 1970 Apostoli-

132 1997 182 2042 cce
210 1984 306 2044 Sedis
331 1987 470 2062 speciali
496 1988 633 2051 licentia
661 1991 868 2067 reciperetur
892 1991 927 2050 in

131 2079 247 2156 aliqua
262 2081 396 2144 civitate
421 2099 481 2144 seu
496 2085 570 2146 loco
585 2087 737 2148 ecclesiae
752 2088 794 2148 ad
816 2090 929 2164 potes-

129 2175 265 2250 tariam,
289 2179 360 2241 sive
385 2180 486 2242 aliam
509 2183 698 2256 rectoriam,
720 2200 927 2262 quocumque

130 2276 268 2335 nomine
285 2280 489 2350 censeretur,
516 2295 555 2340 eo
580 2281 666 2358 quod
686 2297 926 2359 nonnunquam

131 2371 306 2434 extiterint
320 2373 466 2435 cilicium
482 2379 656 2454 potestatis
679 2378 789 2456 adepti
813 2379 924 2440 minus

132 2471 223 2530 recte
242 2471 415 2532 sententiis
431 2472 471 2534 de
492 2472 566 2546 tide,
589 2474 643 2536 val
658 2475 742 2536 alias
767 2475 924 2538 Ecclesiae

131 2564 254 2638 devoti,
269 2583 340 2640 eos,
354 2569 473 2644 quibus
498 2573 675 2648 praeerant,
696 2573 926 2650 multipliciter

130 2662 363 2740 depravantes,
391 2666 482 2744 ipsos
508 2667 549 2728 ab
572 2670 728 2732 Ecclesiae
750 2670 925 2734 devotione

129 2761 283 2822 avertere
307 2763 518 2840 satagebant,
545 2769 579 2827 et
605 2767 655 2828 sic
680 2767 742 2828 lilii
767 2783 926 2828 nonnun-

129 2873 232 2934 quam
246 2859 484 2936 degenerantes
500 2863 683 2940 improvide
700 2864 736 2924 in
751 2865 923 2942 privignos

128 2955 195 3030 piae
212 2957 328 3016 matris
352 2957 560 3020 dulcedinem
581 2962 766 3022 amaricare
785 2961 924 3022 damna-

129 3051 248 3114 biliter
266 3054 467 3117 nitebantur.
484 3059 608 3118 Verum
624 3074 698 3120 cum
721 3059 833 3120 dilecti
860 3058 924 3120 tilii

127 3149 274 3227 populus
299 3153 492 3226 Esculanus,
516 3155 673 3232 praedicto
700 3157 822 3218 statuto
837 3171 922 3218 con-

128 3249 265 3324 tempto,
273 3248 416 3310 nobilem
425 3251 533 3312 virum
544 3252 758 3314 Bertboldum
771 3253 805 3314 in
815 3255 921 3331 potes·

124 3347 231 3406 tatem
255 3361 425 3408 assumere
453 3349 666 3422 attentarent,
695 3366 757 3412 nos
784 3351 921 3427 indigne

123 3441 272 3504 serentes
285 3444 331 3504 ita
344 3445 638 3522 contemptibiliter
648 3448 805 3510 Ecclesiae
816 3450 921 3510 teme-

123 3539 199 3600 rari
222 3541 390 3613 statutum,
420 3543 456 3602 in
483 3543 634 3604 eumdem
650 3545 805 3617 nobilem,
831 3545 921 3608 elec-

124 3636 412 3712 tores,oiticiales,
429 3640 640 3702 consiliarios
659 3645 743 3718 eJus,
766 3642 799 3703 et
820 3659 922 3719 quos-

123 3733 203 3794 dam
226 3733 310 3796 alios
335 3735 424 3798 cives
446 3737 627 3800 Esculanos
648 3739 792 3816 propriis
818 3739 922 3800 nomi·

122 3830 224 3891 nibns
250 3832 440 3908 designatos
458 3836 813 3898 excommunicationis
836 3853 918 3898 sen-

122 3928 265 3988 tentiam
304 3929 444 3990 lecimus
480 3932 695 4008 promulgari,
728 3933 761 3994 et
788 3933 919 3994 demum

123 4026 409 4102 promulgavimus
422 4045 552 4104 pernes
568 4030 669 4106 ipsos.
683 4032 725 4090 At
739 4032 811 4108 ipse
822 4030 919 4092 nobi-

123 4121 169 4181 lis
188 4123 229 4182 ad
258 4124 374 4186 Sedern
395 4126 619 4202 Apostolicam
652 4142 759 4204 nuper
781 4127 920 4188 veniens

124 4217 345 4280 absolutionis
360 4219 557 4288 beneficium
582 4222 756 4296 flagitavit,
783 4222 918 4300 paratus

125 4331 228 4391 super
253 4317 316 4378 boc
331 4319 453 4378 nostris
468 4318 602 4380 obedire
625 4319 790 4380 mandatis
807 4341 814 4379 :
832 4320 919 4380 unde

124 4428 201 4472 cum
217 4415 322 4474 mater
332 4415 480 4477 Ecclesia
495 4415 709 4480 redeuntibus
719 4417 760 4478 ad
777 4432 812 4477 se
825 4417 919 4478 clau-

123 4509 205 4570 dere
220 4526 286 4570 non
306 4511 423 4574 debeat
441 4514 571 4574 viscera
594 4514 737 4590 pietatis,
761 4530 834 4586 nos,
859 4529 916 4575 re-

123 4607 221 4683 cepto
237 4607 278 4668 ab
298 4625 335 4668 eo
362 4611 583 4686 corporaliter
600 4613 801 4688 juramento,
830 4610 916 4688 quod

122 4704 289 4765 mandatis
304 4707 427 4766 nostris
442 4709 581 4784 praecise
596 4710 739 4785 pareret,
749 4711 782 4770 et
796 4707 917 4769 lacien-

121 4802 175 4862 tes
186 4803 283 4877 juxta
298 4802 437 4872 iermam
455 4805 613 4866 Ecclesiae
636 4805 833 4867 beneficium
852 4805 917 4867 ab·

122 4895 299 4958 solutionis
313 4899 471 4975 impendi,
497 4900 605 4962 eidem
629 4902 849 4978 inJunximus,
878 4901 915 4962 ut

122 4995 338 5070 potestariam
354 4997 498 5058 civitatis
517 4997 690 5060 Esculanae
705 4999 839 5060 omnino
859 4998 916 5059 di-

121 5091 268 5166 mittens,
283 5093 455 5161 salarium,
473 5094 558 5170 qnod
573 5095 627 5156 vel
647 5096 735 5156 idem
750 5095 802 5156 vel
827 5095 916 5157 alius

120 5189 256 5250 nomine
270 5206 331 5252 suo
341 5191 467 5268 recepit
482 5207 525 5252 ex
538 5191 622 5268 ipsa,
636 5193 791 5254 restituat
804 5208 916 5269 perso·

119 5303 173 5346 nae
189 5288 241 5348 vel
254 5287 338 5359 loco,
355 5289 409 5350 cui
424 5289 580 5350 duximus
600 5289 855 5366 providendum,
885 5293 918 5354 et

120 5383 209 5460 quod
230 5383 406 5446 decaetero
428 5386 555 5446 nullam
583 5385 619 5448 in
644 5387 734 5448 terra
758 5388 916 5450 Ecclesiae

117 5481 335 5558 potestariam
349 5482 400 5544 vel
416 5483 592 5545 rectoriam
608 5483 750 5560 recipiat
772 5485 845 5546 sine
855 5515 857 5520 ·
869 5485 915 5544 li-

117 5579 232 5641 centia
248 5579 343 5640 Sedis
367 5580 567 5657 Apostolicae
589 5581 742 5658 speciali.
771 5584 915 5642 Senten-

116 5677 185 5741 tias
198 5691 328 5754 quoque
343 5677 384 5738 ab
398 5676 521 5739 eisdem
542 5677 658 5750 nobili,
687 5678 825 5750 vicarie,
843 5677 917 5740 oili·

1714 388 1773 448 ne
1849 358 1851 366 ’

985 524 1175 590 cialibus-et
1185 532 1388 596 consiliariis
1401 537 1475 613 ejus
1487 539 1635 615 prolatas
1647 544 1778 620 penitus

984 622 1166 699 irritantes,
1194 645 1409 709 quecumque
1437 635 1472 696 in
1498 637 1614 699 eadem
1642 640 1778 706 civitate

984 722 1141 786 statuisse
1174 731 1367 802 noscuntur,
1407 730 1613 796 decrevimus
1648 739 1777 800 nullius

984 833 1060 882 esse
1074 825 1242 896 momenti,
1259 827 1417 906 tanquam
1436 829 1478 890 ab
1494 831 1553 904 eis,
1570 835 1627 910 qui
1650 836 1777 898 nullam

984 932 1085 994 supra
1103 919 1156 980 his
1177 923 1370 997 potestatem
1387 926 1545 1000 habuere,
1563 935 1775 1010 preasumpta.

983 1014 1126 1092 Ideoque
1160 1017 1360 1084 fraternitati
1397 1023 1463 1086 tuae
1496 1042 1556 1102 per
1586 1030 1775 1104 Apostolica

983 1111 1107 1189 scripta
1149 1117 1356 1193 mandamus,
1400 1123 1564 1198 quatenus
1604 1127 1777 1202 praemissa

983 1209 1177 1274 solemniter
1195 1213 1344 1290 publices
1368 1218 1402 1279 et
1429 1219 1533 1281 iacias
1557 1220 1598 1282 ab
1622 1222 1776 1284 omnibns

983 1304 1122 1370 tirmiter
1129 1309 1311 1374 observari.
1319 1315 1437 1376 Datum
1451 1317 1618 1387 Laterani,
1632 1322 1706 1382 XVI
1720 1321 1777 1382 lra-

983 1403 1098 1466 lendas
1127 1405 1299 1480 februarii,
1326 1413 1537 1488 pontificatus
1560 1417 1666 1478 nostri
1687 1433 1775 1479 anne

983 1501 1170 1566 undecimo.

1306 1679 1451 1821 xnvn

1112 1881 1164 1940 Ad
1177 1883 1359 1943 urriccrsos
1374 1899 1475 1959 repes
1495 1887 1640 1948 nasstae.

1248 2012 1280 2069 ll
1290 2010 1414 2084 januarii
1429 2015 1508 2072 itit.

1044 2131 1237 2198 [Turgenevins
1246 2135 1344 2186 Russiae
1353 2137 1521 2196 llonimenta,
1531 2139 1551 2196 l,
1564 2139 1603 2198 20,
1615 2153 1641 2192 n.
1659 2139 1712 2204 2l.]

981 2259 1030 2315 liis
1056 2257 1162 2331 parntis¹
1191 2257 1226 2316 ad
1255 2259 1442 2332 abjurandum
1467 2277 1589 2332 errores,
1613 2261 1649 2320 de
1679 2265 1775 2337 legato

1015 2347 1179 2419 Apostolico
1194 2347 1341 2418 mittendo,
1354 2355 1382 2406 et
1396 2349 1432 2406 de
1440 2365 1511 2422 pace
1526 2366 1591 2408 cum
1606 2351 1775 2410 Christianis

1015 2435 1141 2494 bivoniae
1155 2443 1184 2492 et
1196 2437 1321 2496 Estoniae
1336 2437 1476 2496 servanda
1492 2438 1633 2496 scribitur.

1019 2570 1187 2632 Honorius
1198 2571 1686 2648 episcopus,servusservorum
1697 2575 1768 2646 Dei,

979 2667 1146 2728 universis
1159 2667 1293 2744 regibus
1308 2670 1448 2742 Russiae‚
1461 2670 1601 2732 salutern
1616 2673 1648 2732 et
1663 2673 1771 2733 omnis

978 2766 1095 2840 gratiae
1108 2764 1265 2826 fructum.

1018 2861 1206 2922 Gaudemns
1221 2863 1255 2922 in
1271 2863 1421 2936 Domine,
1438 2863 1524 2941 quod
1539 2865 1625 2926 sicut
1640 2865 1773 2926 audivi·

977 2973 1061 3030 mus,
1079 2959 1188 3020 nuntii
1203 2959 1305 3020 vestri
1321 2959 1362 3020 ad
1382 2960 1608 3022 venerabilem
1631 2961 1768 3023 tratrem

977 3057 1137 3127 nostrum,
1154 3057 1375 3120 Mutinensem
1392 3057 1595 3134 episcopum,
1622 3059 1770 3134 Aposto-

978 3153 1051 3214 licae
1064 3153 1158 3214 Sedis
1173 3153 1330 3230 legatum,
1347 3169 1366 3214 a
1382 3155 1488 3216 latere
1510 3157 1636 3226 nostro,
1653 3156 1769 3217 trans-

977 3251 1082 3322 missi,
1099 3265 1174 3312 eum
1184 3251 1357 3312 humiliter
1371 3253 1584 3327 rogaverunt,
1606 3253 1643 3314 ut
1656 3254 1769 3328 partes

976 3349 1105 3410 vestras
1121 3349 1342 3425 personaliter
1361 3349 1522 3420 visitaret,
1540 3350 1618 3426 quia
1634 3350 1772 3425 cupien-

975 3447 1026 3506 tes
1041 3461 1123 3506 sana
1139 3445 1290 3506 doctrina
1310 3445 1491 3506 salubriter
1511 3446 1644 3516 instrui,
1661 3445 1771 3521 parati

975 3542 1055 3603 estis
1071 3558 1185 3603 omnes
1201 3557 1332 3602 errores
1347 3543 1478 3618 penitus
1491 3541 1668 3617 abnegare,
1686 3557 1769 3619 quos

976 3643 1110 3716 propter
1124 3638 1287 3701 delectum
1303 3639 1568 3716 praedicatorum,
1586 3639 1672 3700 sicut
1686 3639 1767 3700 dici-

974 3739 1039 3810 tur,
1056 3737 1258 3808 incurristis,
1274 3741 1307 3797 et
1321 3753 1380 3813 pre
1396 3737 1515 3814 quibus
1530 3737 1636 3797 iratus
1652 3737 1768 3798 contra

974 3835 1215 3906 vosliominus,
1233 3835 1383 3910 permisit
1397 3849 1456 3895 vos
1472 3834 1634 3896 hactenus
1650 3833 1768 3896 multi-

974 3933 1107 4010 pliciter
1124 3931 1290 4004 tribulari,
1315 3931 1524 3993 tribulandos
1553 3931 1675 4004 acrius,
1703 3931 1769 3991 nisi
1879 4017 1880 4020 Ἴ

974 4031 1014 4091 de
1029 4029 1121 4091 invio
1134 4029 1259 4091 erroris
1272 4029 1313 4090 ad
1327 4029 1415 4090 viam
1431 4028 1690 4105 properaveritis
1704 4045 1768 4090 ve-

973 4127 1094 4199 ritatis,
1117 4143 1191 4188 cum
1218 4127 1341 4203 quanto
1367 4125 1491 4187 diutius
1506 4125 1706 4185 duraveritis
1731 4126 1767 4184 in

974 4239 1099 4295 errore,
1123 4225 1215 4284 tanto
1229 4224 1347 4283 timere
1363 4223 1497 4298 possitis
1512 4219 1683 4294 angustias
1698 4219 1765 4280 du-

973 4320 1093 4392 riores,
1109 4320 1186 4396 quia
1199 4319 1261 4381 etsi
1283 4335 1349 4380 non
1362 4319 1528 4378 irascatur
1543 4331 1601 4393 per
1616 4317 1766 4392 singulos

973 4417 1044 4477 dies
1072 4417 1241 4486 Dominus,
1271 4416 1307 4476 in
1334 4430 1391 4476 eos
1413 4415 1523 4475 tamen
1542 4413 1597 4490 qui
1618 4411 1766 4475 converti

973 4515 1199 4584 contemnunt,
1231 4529 1300 4573 suae
1328 4511 1461 4574 tandem
1487 4510 1596 4573 vibrat
1620 4511 1767 4586 gladium

973 4609 1122 4672 ultionis.
1140 4613 1272 4671 Parvos
1286 4610 1397 4686 itaque
1408 4608 1594 4670 certificare
1604 4609 1765 4680 volentes,

972 4723 1015 4768 an
1030 4707 1141 4769 velitis
1156 4705 1279 4766 habere
1296 4706 1337 4766 ab
1350 4705 1498 4767 Ecclesia
1511 4709 1661 4767 Romana
1674 4705 1767 4781 lega-

971 4807 1052 4876 tum,
1069 4806 1106 4866 ut
1120 4806 1192 4880 ejus
1206 4803 1408 4864 salutaribus
1430 4803 1564 4864 monitis
1583 4802 1764 4874 inlormati,

972 4901 1145 4963 catholicae
1170 4899 1258 4972 iidei,
1287 4900 1360 4960 sine
1386 4915 1451 4976 qua
1477 4915 1576 4961 nemo
1602 4899 1763 4971 salvatur,

972 4989 1218 5076 amplectamini
1231 4997 1418 5070 veritatem,
1431 4997 1681 5058 universitatem
1695 5011 1766 5058 ves·

971 5097 1057 5156 tram
1072 5109 1240 5170 rogamus,
1257 5109 1440 5166 monemus,
1464 5095 1496 5155 et
1514 5093 1687 5153 hortamur
1707 5093 1763 5154 at-

970 5193 1071 5264 tente,
1089 5193 1252 5268 quatenus
1267 5207 1368 5268 snper
1387 5191 1450 5252 hoc
1464 5190 1668 5252 voluntatem
1682 5205 1763 5272 ves-

970 5291 1057 5352 tram
1095 5288 1191 5350 nebis
1221 5304 1280 5364 per
1305 5288 1445 5358 litteras,
1469 5289 1502 5348 et
1529 5286 1643 5348 fideles
1671 5303 1762 5347 nun-

970 5387 1036 5448 tios
1066 5385 1238 5446 intimetis.
1265 5385 1401 5445 Interim
1424 5385 1535 5444 autern
1550 5399 1665 5460 pacem
1689 5398 1764 5444 cum

971 5482 1173 5544 Christianis
1188 5481 1229 5542 de
1251 5481 1409 5552 Livonia,
1436 5481 1615 5542 etEstonia
1635 5480 1763 5540 firmam

971 5579 1145 5649 babentes,
1172 5594 1238 5640 non
1262 5577 1452 5655 impediatis
1478 5575 1660 5654 protectum
1686 5573 1762 5637 tide'i

971 5675 1182 5749 Christiane,
1200 5690 1242 5736 ne
1256 5675 1403 5736 divinam
1414 5675 1447 5736 et
1459 5672 1656 5750 apostolicae
1669 5673 1763 5735 Sedis
