4114 6322
148 363 189 425 97
774 364 1002 428 EPISTOLAE.
1025 365 1114 429 11113.Ι
1126 370 1167 432 X.
1692 361 1697 364 ’
1743 376 1784 436 118

147 520 358 586 excellentiae
371 525 436 586 tuae
457 523 587 588 dedisse
608 526 783 590 eonsilium
805 527 939 590 contra·
991 525 1096 590 totum
1117 528 1328 592 adscribebas
1347 532 1463 595 matris
1488 533 1645 596 Ecclesiae
1660 532 1780 608 studio,

146 621 935 702 1010011010110,0110001111310101111.
968 693 969 696 Ἴ
992 624 1095 686 totum
1110 626 1313 689 attribuebas
1330 630 1477 705 ejusdem
1493 633 1633 694 nutricis
1656 632 1783 694 labori·

145 720 195 779 De
206 719 506 795 praedecessoribus
529 722 639 784 autem
662 724 741 794 tuis,
762 724 789 782 si
812 724 936 800 aliquid
991 720 1052 782 bus
1067 723 1222 800 quioquid
1244 741 1329 798 eras,
1347 727 1379 788 et
1402 727 1501 788 etiam
1526 729 1610 804 quod
1632 730 1780 792 vivebas.

145 817 273 877 00111110
287 820 394 894 major
403 817 735 895 dedissetexpressio,
745 821 938 882 metiremur
1034 820 1127 880 Unde
1161 821 1262 896 igitur
1293 823 1367 884 istis
1402 825 1469 884 tam
1498 827 1683 898 contraria,
1713 829 1781 888 tarn

145 911 182 974 in
203 913 282 986 illis,
300 914 379 990 quid
401 915 437 974 in
454 915 487 976 te
506 931 642 992 sperare
657 932 837 994 possemus,
854 933 938 994 quo-
991 917 1123 978 novella
1143 919 1306 994 processit
1330 920 1465 996 opiniol
1483 922 1576 982 Unde
1598 939 1782 1000 praesump-

143 1011 248 1082 niam,
263 1010 292 1071 si
316 1010 358 1072 ad
380 1013 549 1088 proximos
568 1013 742 1089 sanguinis
762 1014 937 1077 scribentis
990 1014 1037 1075 tio
1063 1015 1131 1075 tarn
1153 1015 1304 1088 adversa,
1322 1017 1390 1078 tam
1414 1019 1587 1094 repentina
1608 1022 1781 1098 prorupit?

143 1107 311 1170 referatur
324 1109 475 1182 intentio,
489 1110 654 1172 modicum
669 1112 854 1173 devotionis
867 1111 937 1172 suf·
992 1111 1028 1172 Si
1046 1112 1136 1174 enim
1157 1111 1312 1189 frequens
1333 1115 1448 1176 missio
1470 1115 1656 1178 litterarum
1677 1120 1782 1180 comi-

142 1205 244 1278 iiciet,
267 1207 304 1268 ut
326 1221 383 1268 eos
407 1209 653 1284 comparatione
677 1210 845 1284 praecedas
871 1231 879 1270 ε
905 1211 937 1270 01
990 1207 1056 1268 tem
1084 1209 1322 1270 conscientiam
1351 1212 1510 1273 mittentis
1531 1212 1683 1286 babebat,
1706 1231 1781 1276 oum

142 1302 256 1364 tamen
270 1305 472 1380 comparatio
484 1304 624 1380 gradum
638 1306 797 1374 inveniat,
812 1306 868 1366 ubi
879 1307 937 1368 vix
990 1305 1082 1366 nulla
1101 1305 1277 1368 subsecuta
1306 1308 1349 1368 sit
1377 1324 1478 1370 causa
1503 1326 1597 1372 novae
1619 1311 1779 1384 scientim,

141 1401 296 1476 pervenit
309 1402 481 1478 positivus.
499 1403 589 1474 Quod
606 1402 690 1464 stad
709 1403 786 1464 illos
808 1403 937 1480 praede-
990 1418 1098 1479 neque
1113 1403 1254 1466 scientia
1267 1420 1361 1466 novae
1372 1421 1494 1478 causta,
1507 1423 1566 1468 cur
1576 1409 1780 1470 calumniose

141 1513 294 1560 cessores
317 1497 522 1560 intellectum
546 1500 684 1576 patiaris
710 1501 855 1572 exiendi,
879 1503 936 1578 qui
991 1499 1193 1576 impingitur,
1212 1499 1297 1578 quod
1319 1503 1486 1565 evidentia
1506 1503 1584 1565 facti
1606 1504 1779 1581 repudiati

140 1596 208 1656 ilde
242 1595 411 1672 praeclari,
442 1597 581 1659 caritate
615 1597 797 1670 ferventes,
828 1598 935 1660 devo-
990 1599 1056 1658 Cur
1077 1597 1138 1658 sub
1158 1598 1300 1674 quodam
1324 1599 1496 1662 involucro
1511 1601 1713 1677 duplicitatis
1726 1603 1781 1664 in-

139 1693 233 1754 tione
247 1695 381 1766 sinceri,
407 1693 471 1754 sibi
495 1695 528 1756 et
550 1694 690 1756 subditis
712 1695 932 1772 proficientes
989 1694 1105 1768 fertur,
1127 1697 1214 1773 quod
1236 1697 1386 1758 veritatis
1413 1697 1608 1775 simplicitas
1627 1715 1694 1760 non
1716 1701 1779 1762 ad·

138 1791 242 1854 verbo
266 1791 391 1868 pariter
405 1793 438 1854 01
452 1793 603 1868 exemplo
618 1792 802 1855 Ecclesiam
820 1794 934 1854 multis
988 1793 1105 1854 mittiti
1125 1793 1217 1865 Quod
1238 1794 1267 1854 si
1289 1795 1412 1870 scripta
1429 1797 1603 1871 praemissa
1622 1797 1778 1860 destituta

138 1887 331 1952 libertatum
340 1890 524 1966 privilegiis
534 1891 735 1963 munierunt,
744 1890 934 1951 multarum·
988 1891 1085 1952 erant
1112 1890 1306 1952 credulitate
1331 1891 1519 1965 scribentis,
1545 1895 1603 1956 tua
1631 1894 1778 1958 circum-

138 2003 205 2065 que
215 1987 430 2064 largitionum
440 1987 640 2050 liberalitate
650 1988 809 2061 ditarunt,
819 1988 887 2049 illis
903 1989 934 2050 01
988 1987 1112 2065 spectio
1136 1987 1282 2064 colligat,
1306 2005 1379 2064 quae
1404 1989 1443 2051 de
1464 1990 1537 2052 istis
1561 1991 1669 2054 illatio
1693 1993 1776 2054 sub-

136 2086 249 2162 placet
260 2085 296 2145 in
310 2083 363 2146 bis
376 2101 412 2147 se
427 2077 674 2161 magnificentia
693 2087 751 2148 tua
765 2101 833 2147 101
845 2102 934 2163 prae·
987 2085 1156 2162 sequatur.

136 2183 235 2255 ierat,
263 2182 322 2244 sed
350 2183 537 2244 consideret
564 2183 688 2260 potius,
705 2183 735 2242 si
758 2182 932 2244 affluentia
1027 2185 1152 2246 Suntne
1180 2183 1245 2248 ista
1272 2185 1431 2258 subsidia,
1461 2203 1534 2264 quae
1560 2188 1776 2265 promittebas

85 2287 90 2295 ’
136 2281 257 2342 talium
282 2281 416 2342 iliorum
439 2282 544 2342 metas
572 2281 727 2356 attingas.
757 2281 930 2353 Discutiat,
986 2282 1159 2354 Ecclesiae,
1189 2283 1219 2342 si
1249 2283 1431 2345 necessitas
1469 2284 1658 2348 immineret
1673 2279 1693 2346 i'
1720 2289 1779 2348 Est

135 2393 339 2458 quaesumus,
355 2379 421 2442 viri
437 2379 609 2456 prudentis
623 2377 805 2455 ingenium,
822 2379 851 2440 si
867 2394 932 2439 me·
985 2377 1040 2440 1110
1071 2379 1299 2441 retributionis
1332 2381 1486 2452 affectus,
1517 2397 1614 2459 quem
1649 2383 1776 2444 offere-

136 2478 203 2540 1110
215 2476 347 2547 titulum
367 2477 425 2538 tibi
447 2475 558 2538 muitae
573 2475 759 2538 devotionis
774 2476 928 2550 assumis,
984 2475 1054 2548 bas,
1072 2477 1101 2536 si
1115 2491 1296 2552 gravamen
1310 2480 1519 2542 occurreret?
1534 2481 1608 2541 Non
1623 2481 1656 2542 id
1670 2483 1777 2544 mater

135 2573 216 2634 dum
243 2573 405 2636 beneficia
433 2573 549 2635 matris
584 2573 742 2635 Ecclesiae
769 2586 930 2634 revocare
984 2574 1189 2650 exspectavit
1212 2590 1232 2635 a
1257 2575 1337 2647 filio,
1359 2591 1426 2636 non
1451 2576 1485 2636 id
1510 2578 1626 2639 nutrix
1639 2593 1776 2654 sperare

136 2673 270 2733 conaris
287 2671 483 2743 indubium,
504 2673 661 2748 tanquam
686 2671 713 2731 si
738 2671 836 2732 unius
851 2685 930 2747 pos-
984 2671 1128 2734 debuita
1142 2672 1280 2749 pupillo.
1297 2675 1364 2733 Hal
1382 2675 1479 2745 Deus,
1494 2691 1567 2751 quae
1582 2675 1618 2736 in
1631 2676 1692 2736 tali
1705 2677 1775 2739 11110
1877 2747 1883 2762 Ι

7 2807 13 2818 ·
134 2769 205 2830 sint
216 2769 419 2832 inficiatione
432 2769 545 2841 celari,
558 2785 631 2846 quae
643 2769 822 2830 multorum
836 2769 927 2830 notio
983 2769 1060 2830 aliis
1080 2769 1152 2846 spei
1172 2770 1324 2846 reliquiae
1349 2770 1594 2848 relinquuntur,
1617 2773 1646 2834 si
1668 2776 1775 2836 mater

131 2866 294 2944 publicat,
311 2869 344 2929 01
357 2867 537 2944 singularis
556 2865 697 2928 assertio
714 2866 831 2927 reddat
851 2881 926 2926 am·
982 2867 1049 2926 tam
1064 2865 1207 2940 diligens
1222 2865 1399 2942 desperare
1414 2869 1572 2943 rogaturi
1587 2872 1655 2930 ila!
1673 2874 1771 2940 ilaus,

131 2965 335 3042 signaque
356 2962 715 3042 universalislnotitia',
725 2963 924 3033 manifestat.
982 2979 1055 3041 quae
1066 2963 1173 3025 detali
1187 2963 1314 3040 pupillo
1328 2962 1511 3056 fragmenta
1522 2963 1647 3026 favoris
1661 2969 1775 3030 caeteri

131 3065 241 3124 Porro
256 3064 316 3124 illa
328 3061 577 3139 ingratitudinis
592 3062 730 3138 species,
746 3077 811 3138 qua
825 3061 928 3123 bene-
981 3061 1150 3137 colligent,
1176 3061 1205 3122 si
1229 3061 1344 3122 nutrix
1364 3061 1432 3122 tam
1456 3062 1548 3123 utilis
1569 3057 1691 3141 jaculis
1716 3065 1776 3128 de-
1865 3137 1867 3140 ,

131 3161 211 3222 licia
226 3161 380 3238 percepta
394 3161 568 3236 negantur,
588 3160 713 3236 aliquid
727 3160 926 3222 turbationis
980 3159 1154 3220 tractionis
1186 3158 1375 3236 impetitori
1402 3161 1469 3220 Hal
1498 3162 1603 3256 ilaus,
1634 3164 1713 3238 quot
1741 3165 1775 3225 et

131 3259 307 3322 consuevit
319 3258 460 3334 afferre;
486 3257 544 3320 sed
567 3257 626 3318 iiia
649 3257 785 3334 majoris
800 3249 925 3319 doloris
981 3257 1121 3334 quantos
1141 3255 1273 3318 labores
1288 3255 1400 3318 amisit
1414 3257 1573 3332 Ecclesia,
1590 3259 1619 3319 si
1634 3259 1771 3336 palmes,

129 3355 233 3419 habet
247 3356 392 3428 1011000,
412 3355 526 3433 quain
547 3355 633 3417 bono
654 3355 779 3416 malum
793 3371 925 3432 praesu-
980 3369 1077 3430 quem
1099 3353 1203 3415 molto
1227 3353 1348 3416 sudore
1370 3354 1543 3430 plantavit,
1560 3360 1593 3418 et
1608 3357 1720 3429 coluit,
1736 3359 1774 3420 111

129 3455 246 3526 mitur,
261 3455 293 3516 et
307 3455 419 3515 odium
431 3454 467 3514 in
481 3453 657 3514 dilectione
672 3453 816 3515 notator.
979 3451 1234 3513 amaritudinem
1244 3451 1321 3512 vitis
1335 3453 1539 3514 convertitur
1552 3453 1683 3526 alienae,
1696 3471 1771 3516 cum

171 3551 297 3612 «Circa
306 3551 442 3613 tutelam
454 3565 583 3627 quoque
593 3549 682 3618 1110
693 3549 793 3611 clarae
804 3564 926 3610 memo·
980 3549 1023 3611 sit
1037 3548 1178 3610 minoris
1193 3547 1358 3624 dispendii
1372 3548 1481 3610 nullos
1505 3548 1633 3611 fructus
1646 3551 1772 3627 produ-

127 3649 191 3711 riae
210 3649 422 3726 imperatrice
438 3647 629 3708 Constantia
648 3649 765 3722 regina
787 3647 921 3718 Siciliae,
978 3661 1054 3708 0010
1068 3661 1166 3723 quam
1179 3645 1325 3707 nocivos.
1342 3645 1406 3706 Obi
1419 3662 1517 3723 quam
1531 3647 1649 3709 uberes
1664 3649 1770 3727 lacry-

127 3746 330 3822 Apostolioae
355 3745 433 3807 sedi
455 3745 622 3814 relictam,
645 3759 665 3805 a
687 3743 922 3805 beneficiorum
977 3759 1066 3815 mas,
1097 3758 1195 3820 quam
1219 3757 1352 3804 amaras
1386 3742 1493 3805 felicis
1526 3747 1768 3808 recordationis

127 3844 240 3920 gratia
255 3843 393 3920 excipis,
408 3843 436 3903 si
448 3842 561 3904 11110110
581 3841 625 3904 011
642 3841 751 3902 debito
764 3840 922 3902 satisfac·
978 3839 1544 3918 praedecessornosterinnocentius
1554 3858 1614 3919 pro
1624 3845 1657 3904 te
1667 3843 1765 3906 inditi

126 3944 211 4014 tum,
223 3957 263 4002 00
274 3939 360 4018 quod
372 3941 421 4001 ias
431 3938 609 4000 inducebat
622 3939 659 4000 ut
671 3937 775 4010 fleret,
785 3939 818 4000 et
828 3938 921 4000 nefas
977 3937 1043 3998 Obl
1067 3939 1190 4015 quanta
1213 3935 1436 4000 sollicitudine
1460 3938 1634 4012 laboravit,
1651 3944 1687 4004 ut
1700 3944 1768 4005 tea

128 4039 159 4100 si
178 4038 335 4102 deiiceret
358 4039 540 4100 notaretur.
567 4039 690 4098 Verum
714 4051 787 4098 oum
808 4036 920 4098 nullus
976 4036 1164 4097 nocentium
1184 4035 1329 4112 eriperet
1351 4035 1516 4108 manibus,
1537 4033 1768 4102 insidiantium

126 4136 339 4197 necessitatis
363 4135 524 4196 articulus
546 4134 625 4195 tunc
648 4135 783 4208 urgeret
806 4134 921 4194 Eccle-
974 4132 1767 4210 laqueisliberaret,etqnasidemortisiaucibus

127 4233 225 4305 siam,
240 4235 276 4294 ut
290 4233 324 4294 in
338 4233 383 4304 te,
398 4232 454 4310 qui
470 4246 545 4292 eras
559 4231 649 4292 omni
664 4231 823 4306 suffragio
838 4230 918 4291 des·
974 4231 1206 4307 extorqueret!
1223 4231 1307 4290 Ecce
1319 4230 1398 4305 quid
1414 4230 1643 4292 retributionis
1658 4233 1765 4294 eidem

124 4331 263 4398 titulus,
287 4345 370 4391 onus
391 4345 460 4390 non
483 4328 556 4390 leve
584 4329 768 4404 susciperet
792 4328 915 4400 tutelae,
972 4326 1157 4403 imperialis
1189 4325 1374 4386 liberalitas
1406 4327 1543 4400 afferat3
1578 4344 1655 4389 0000
1687 4329 1765 4406 quid

124 4427 303 4504 susceptio,
321 4443 394 4504 quae
416 4427 563 4502 agretia
578 4425 718 4502 sumpsit
731 4425 915 4496 exordium,
972 4423 1095 4499 regalis
1117 4421 1380 4498 ,magnificentiae
1408 4427 1653 4500 recompenset,
1686 4426 1763 4488 dum

123 4525 249 4586 babere
259 4526 291 4587 te
303 4525 417 4586 debuit
426 4525 459 4586 te
471 4524 713 4600 prosecutionis
726 4523 835 4585 debito
849 4539 916 4584 non
972 4519 1088 4597 pupilli
1108 4519 1185 4582 vitae
1208 4518 1386 4581 insidiator
1409 4520 1557 4582 occultus
1581 4522 1713 4596 dicitur,
1731 4529 1763 4586 01

122 4621 304 4698 ingratum,
321 4623 437 4683 saltem
451 4624 486 4682 ui
500 4621 614 4682 tutrici
635 4623 757 4692 notam,
776 4636 915 4682 10100-
969 4617 1131 4678 bonorum
1151 4617 1271 4678 tacitus
1286 4617 1456 4693 spoliator.
1481 4619 1650 4695 Recogita,
1666 4637 1763 4683 reco-

122 4719 193 4780 lum
213 4721 386 4794 suspectae,
407 4719 465 4779 sed
489 4719 589 4780 etiam
613 4717 831 4778 fraudulentae
855 4717 915 4778 ad·
968 4715 1049 4790 gita,
1066 4714 1114 4774 iili
1135 4713 1318 4786 carissime,
1342 4729 1381 4775 ac
1402 4714 1490 4776 inira
1512 4717 1657 4779 claustra
1681 4735 1761 4794 pec-

121 4815 379 4879 ministraticnis
414 4831 480 4877 101
521 4815 678 4875 nitereris
716 4815 911 4890 impingere,
967 4812 1050 4873 toris
1074 4811 1239 4889 frequenti
1260 4811 1473 4873 meditatione
1497 4815 1642 4886 revolve,
1661 4831 1759 4892 qnam

121 4913 237 4975 dicens
259 4913 345 4990 quod
369 4913 518 4974 Ecclesia
545 4912 679 4972 nomine
704 4911 913 4972 defensorum
968 4921 1117 4985 parvum,
1143 4923 1306 4986 quamque
1330 4908 1522 4985 depressum
1541 4911 1573 4972 10
1590 4911 1648 4974 1110
1668 4930 1761 4974 sum-

121 5010 235 5072 bostes
247 5009 431 5071 immiserat
443 5009 581 5084 Apuliae.
593 5007 742 5068 Habebat
752 5008 912 5083 praeterea
967 5021 1041 5066 mus
1060 5005 1215 5066 Pontifex
1238 5007 1314 5082 post
1334 5005 1459 5066 obitum
1483 5009 1598 5069 matris
1620 5012 1757 5086 accepit,

120 5104 360 5166 diffamationis
388 5103 541 5179 adjecti0,
569 5102 655 5179 quod
683 5117 779 5179 quem
807 5103 913 5164 tutrix
967 5103 1000 5164 01
1019 5117 1117 5178 quam
1138 5101 1309 5178 grandem,
1331 5119 1493 5180 quamque
1515 5107 1699 5180 promotum
1724 5108 1759 5168 11
1842 5131 1844 5136 ·

118 5201 271 5263 Ecclesia
285 5200 397 5262 debuit
410 5213 616 5276 promovere,
633 5199 763 5275 dejecit,
780 5199 911 5274 erigens
966 5214 1027 5261 sua
1041 5201 1147 5260 morte
1159 5199 1304 5276 reliquit.

119 5297 154 5358 in
170 5298 310 5375 paterna
324 5297 401 5358 sede
416 5295 584 5362 homiuem
599 5295 756 5366 alienum,
774 5296 830 5372 qui
844 5311 911 5357 non
1005 5313 1023 5356 1
1047 5299 1163 5368 Perre,
1189 5299 1224 5358 ut
1247 5297 1429 5370 credimus,
1454 5296 1585 5362 10101100
1607 5300 1756 5363 infantiae

119 5395 295 5456 contentus
315 5393 456 5468 imperio
477 5391 519 5452 ad
540 5407 679 5467 regnum
694 5391 909 5453 nibilominus
964 5395 1110 5454 nondum
1123 5393 1222 5454 linem
1237 5394 1407 5468 attigeras,
1424 5411 1500 5456 cum
1521 5397 1643 5474 impius
1665 5399 1757 5459 liler-

49 5557 52 5564 ,
118 5490 292 5566 aspiravit.
304 5491 344 5550 Et
353 5489 485 5566 quidem
498 5503 565 5550 non
576 5488 608 5548 id
619 5488 780 5550 hactenus
795 5487 910 5550 babuit
964 5490 1102 5550 cualdus
1125 5491 1174 5552 tui
1204 5489 1348 5550 nominis
1381 5491 1563 5561 detractor,
1596 5494 1755 5569 pertidus,

116 5588 177 5648 tua
189 5585 366 5658 confessio,
377 5601 444 5646 non
453 5585 487 5646 id
498 5601 602 5662 nsque
616 5599 704 5646 nunc
720 5584 910 5647 continebat
963 5587 1145 5664 avidusque
1158 5588 1290 5648 tuorum
1300 5586 1437 5648 invasor
1448 5591 1542 5664 regni
1554 5589 1677 5652 Siciliae
1692 5607 1767 5656 mee.
1846 5627 1848 5630 ·

119 5682 369 5747 inarumseries
383 5683 569 5746 litterarum
584 5681 703 5760 quibus
718 5683 792 5759 post
805 5685 908 5744 Deum
962 5683 1014 5744 tas
1037 5696 1225 5760 aggressus,
1251 5682 1405 5760 ultraque
1428 5699 1546 5746 manus
1570 5686 1754 5750 invasionis

262 5815 513 5874 1111011111.
1544 5817 1560 5873 1
