4174 6324
882 357 1058 420 HONORII
1080 357 1124 418 ΙΙΙ
1145 357 1292 418 OPERA.
1867 357 1907 417 36

644 527 671 612 C

345 683 397 744 Ad
419 682 613 752 episcopum
636 678 925 750 vesprimiensem
947 677 979 736 et

452 775 679 850 propositam
700 777 890 834 Aibcnscrn.

518 907 551 961 li
571 903 705 960 februarii
725 904 804 962 1226.

375 1029 464 1094 [licien
478 1028 539 1079 Coti.
559 1027 621 1091 dipl.
637 1027 780 1090 Hungariam
796 1027 837 1084 Ill,
854 1041 882 1084 ιι,
896 1025 947 1088 78.]

263 1155 410 1216 Andrean]
432 1168 531 1226 regern
554 1153 707 1224 ilungariae
726 1166 775 1224 per
795 1150 960 1224 episcopum
974 1153 1060 1205 ctiam

301 1243 560 1316 vesprimiensem,
577 1255 610 1296 ac
628 1241 810 1311 praepositum
835 1238 990 1295 Albensom
1009 1251 1059 1293 co·

303 1345 364 1389 ram
380 1329 603 1401 archiepiscopis
616 1335 644 1384 ct
658 1327 800 1399 episcopis
812 1328 922 1383 moneri
935 1325 1025 1398 jubet.

299 1451 1060 1528 Honorius,etc,episcopovesprimiensi‚etc.,

267 1553 446 1632 praeposito
473 1551 623 1621 Albensi,
647 1548 903 1626 vesprimiensis
935 1547 1061 1608 dicece-

269 1652 327 1718 sis,
343 1651 406 1712 etc.

311 1747 403 1808 Sicut
417 1745 591 1806 carissimo
611 1744 645 1804 in
667 1743 797 1804 Christo
819 1743 888 1804 filio
909 1743 1061 1803 nostro...

269 1844 393 1905 illustri
409 1843 482 1917 regi
501 1839 691 1916 Hungariae,
704 1843 774 1916 jam
791 1840 957 1900 multoties
973 1837 1065 1900 litte·

269 1942 317 2002 ris
341 1939 463 2000 nostris
488 1939 677 1998 insinuasse
699 1937 887 2008 recolimus
905 1935 1064 2010 inspectis

269 2032 1064 2114 privilegiisejus,liquidocontinentibns,ipsum

269 2137 395 2196 terram
412 2136 506 2192 Bonae
523 2128 574 2207 (ut
595 2145 708 2206 supra,
726 2145 832 2202 risone
847 2143 1062 2204 nequeamim,

270 2233 384 2292 ocreis
396 2228 629 2302 cornpetentcr
644 2225 814 2302 lusciniis).
828 2226 988 2296 Quocirca
1002 2224 1066 2282 dis·

270 2326 412 2388 crationi
427 2326 547 2386 vestrae
562 2339 620 2398 per
634 2322 823 2400 apostolica
834 2323 955 2398 scripta
971 2336 1066 2380 man-

270 2423 399 2490 damus,
417 2422 594 2498 quatenus,
613 2435 725 2494 regem
741 2420 862 2495 ipsum,
879 2418 1066 2492 archiepis-

271 2519 363 2596 copis
378 2521 412 2580 et
425 2517 589 2594 episcopis
604 2515 709 2590 ipsius
726 2515 820 2589 regni
834 2513 1063 2590 praesentibus,

271 2617 312 2678 ad
328 2632 379 2688 ea,
404 2631 476 2692 quae
492 2611 729 2690 praemisimus
748 2611 899 2671 facienda
918 2625 1064 2676 monere,

271 2713 454 2790 prudenter
469 2713 501 2772 et
521 2709 700 2771 efficaciter
714 2708 872 2768 inducere
888 2706 1064 2780 studeatis3

273 2811 359 2888 qnod
375 2809 452 2870 inde
468 2807 625 2878 feceritis,
645 2822 684 2866 ac
696 2805 948 2880 responsionem
961 2803 1066 2880 ipsius

272 2907 368 2968 nobis
390 2905 587 2982 quantocius
610 2903 752 2964 fideliter
772 2901 979 2978 rescripturi.
1001 2901 1068 2960 Da-

274 3005 344 3066 tum
362 3003 399 3064 ut
418 3017 530 3080 supra.

648 3238 697 3323 ol

320 3392 372 3452 Aci
397 3388 611 3458 Yolonlirnm,
635 3389 795 3462 rapinam
815 3388 1019 3462 Hnripnriae.

532 3528 564 3583 ll
584 3525 717 3582 februarii
738 3523 817 3580 lite.

424 3648 515 3712 [faleg
524 3647 585 3697 Cod.
599 3647 661 3711 dipl.
672 3647 766 3710 flung,
779 3647 822 3706 lll,
834 3645 925 3710 rain]

375 3771 518 3830 Honorius
532 3769 663 3841 idipsum
675 3784 724 3842 per
739 3769 870 3840 reginam
883 3769 968 3834 etiarn

513 3857 684 3914 Yolantham
699 3855 840 3912 sollicitat.

1037 551 1041 565 ι
1114 516 1191 577 liter
1204 515 1364 591 gratiam
1388 515 1512 584 einos,
1532 515 1589 590 qui
1607 513 1648 574 ad
1668 511 1821 574 ultimum
1833 527 1907 575 -non

1116 613 1296 689 poterimus
1322 611 1419 672 dictis
1450 610 1609 672 fratribus
1633 610 1668 670 in
1702 625 1763 670 sua
1789 610 1907 671 deesse

1111 709 1264 784 justitia,
1299 707 1398 768 aliter
1429 709 1609 782 procedere
1639 721 1706 767 non
1736 721 1905 782 cogamur.

1115 807 1239 868 Taliter
1270 807 1381 866 autem
1413 805 1574 865 exaudias
1605 819 1721 880 preces
1755 805 1906 874 nostras,

1117 905 1201 979 quod
1221 907 1351 978 gratum
1372 903 1496 962 babere
1509 902 1685 977 possimus
1701 900 1787 962 etad
1803 915 1910 960 exau-

1117 1002 1253 1061 diendas
1276 1003 1367 1070 tuas,
1392 1015 1467 1059 cnm
1496 999 1700 1074 oportuerit,
1729 997 1911 1056 reddamur

1117 1099 1234 1160 merito
1243 1099 1427 1174 proniores.
1439 1099 1557 1156 Datum
1571 1095 1737 1166 Laterani,
1750 1097 1830 1154 XIII*
1839 1093 1907 1154 kal.

1117 1197 1238 1267 martii,
1254 1210 1341 1256 anno
1360 1196 1500 1255 decimo.

1477 1425 1548 1512 cll

1228 1580 1280 1638 Aci
1298 1577 1452 1638 abbatem
1467 1576 1736 1648 coriceutnmque
1755 1576 1808 1635 ric-

1382 1676 1641 1746 Densermctprt.

1375 1803 1410 1860 20
1425 1803 1556 1860 februarii
1573 1801 1652 1859 tanc.

1243 1926 1345 1990 [Rogist.
1360 1927 1391 1976 dc
1405 1926 1593 1988 Duufcrmclyn,
1606 1925 1659 1982 itte,
1673 1939 1699 1974 n.
1712 1923 1780 1986 titi]

1119 2050 1168 2108 Eis
1182 2049 1291 2106 inhibet
1306 2063 1343 2107 ne
1357 2050 1420 2122 quis
1438 2050 1590 2122 episcopus
1607 2056 1654 2106 aut
1673 2047 1802 2104 officialis
1821 2047 1910 2118 ipsius

1154 2139 1262 2195 cosvcl
1283 2153 1381 2196 corum
1402 2139 1538 2194 ecclesias
1559 2153 1643 2209 super
1666 2135 1909 2208 procurationibus

1155 2228 1226 2284 ultra
1247 2233 1372 2282 taxatum
1386 2227 1415 2282 in
1431 2227 1614 2282 Lateranensi
1629 2225 1754 2284 Concilio
1772 2236 1907 2296 persona·

1155 2331 1216 2372 rum
1232 2321 1261 2371 et
1275 2315 1453 2370 evectionum
1467 2327 1616 2370 numerum
1632 2326 1803 2385 aggravare.

1159 2439 1326 2498 Honorius
1341 2440 1525 2514 episcopus,
1541 2439 1601 2499 etc.

1161 2539 1240 2596 Cum
1249 2535 1454 2596 exindebitis
1462 2533 1709 2609 gravaminibus
1719 2533 1912 2608 plerumque

1121 2633 1314 2705 contingant
1334 2633 1367 2692 in
1389 2631 1598 2706 regularibus
1618 2631 1741 2690 sanctae
1764 2631 1913 2698 oontem-

1122 2729 1277 2804 plationis
1297 2729 1399 2790 otium
1414 2727 1617 2803 perturbari;
1634 2741 1694 2786 nos
1707 2725 1811 2801 quieti
1830 2738 1911 2784 ves-

1121 2829 1181 2888 trae
1209 2825 1383 2902 providere
1409 2825 1569 2894 volentes,
1597 2824 1794 2884 anctoritate
1825 2835 1913 2896 prae,-

1122 2921 1265 2984 sentium
1305 2921 1491 2982 districtius
1523 2919 1727 2990 inhibemus,
1764 2933 1806 2978 ne
1838 2917 1913 2994 quis
1984 2969 1985 2972 ,

1123 3020 1296 3096 episcopus
1331 3019 1389 3078 aut
1422 3017 1577 3078 officialis
1615 3016 1721 3092 ipsius
1755 3029 1826 3086 vos,
1859 3012 1913 3073 vel

1123 3117 1282 3176 ecclesias
1301 3115 1440 3186 vestras,
1458 3113 1579 3174 audeat
1591 3129 1692 3190 super
1705 3110 1915 3188 procuratio-

1124 3213 1221 3272 nibus
1243 3211 1331 3272 ultra
1353 3211 1503 3272 taxatum
1522 3211 1558 3270 in
1582 3209 1797 3271 Lateranensi
1822 3209 1912 3268 Con-

1124 3310 1201 3370 cilio
1216 3323 1433 3384 personarum
1454 3307 1486 3368 et
1507 3307 1715 3368 evectionum
1739 3319 1914 3365 numerum

1125 3399 1913 3480 aggravareanliergo,etc.Siquisautam,.eto.

1125 3505 1241 3564 Datum
1255 3501 1421 3572 Laterani,
1438 3503 1468 3560 X
1485 3500 1645 3560 kalendas
1664 3498 1788 3570 martii,
1804 3495 1916 3573 ponti-

1127 3600 1242 3660 ficatus
1257 3599 1362 3660 nostri
1377 3613 1464 3658 anno
1478 3597 1615 3658 decimo.

1479 3845 1569 3932 oin

319 3983 498 4052 Honorius,
515 3982 591 4053 etc,
608 3981 731 4056 regina
744 3980 935 4054 uuigorna,
949 3981 1010 4042 etc·
1147 3999 1197 4058 Ao
1210 4000 1365 4070 priorem
1384 3999 1418 4057 s.
1441 3995 1622 4056 retraetata
1636 3996 1894 4056 amoeniores.

321 4078 511 4155 Sperantes,
529 4075 615 4152 quod
631 4089 744 4152 preces
760 4075 891 4136 nostras
906 4075 989 4136 velis
1005 4075 1074 4136 effi-
1377 4125 1412 4182 20
1431 4123 1563 4181 februarii
1583 4123 1661 4181 ωδ.

281 4177 405 4238 caciter
431 4173 602 4242 exaudire,
631 4171 814 4248 praesertim
841 4172 876 4232 in
904 4172 968 4244 his,
999 4189 1073 4250 quae

281 4271 491 4336 manifestam
507 4269 676 4330 continent
690 4267 856 4343 pietatem,
878 4270 911 4332 et
925 4269 965 4330 ad
981 4271 1074 4330 salu-
1323 4249 1434 4312 [Rfflb
1452 4248 1564 4306 Foedera,
1581 4249 1601 4304 ¹·
1614 4261 1632 4305 ¹.
1650 4247 1716 4310 ¹⁰⁰·]

284 4374 347 4434 tem
358 4367 523 4431 carissimi
535 4367 569 4426 in
584 4365 713 4426 Christo
726 4365 787 4424 filii
801 4367 907 4427 nostri
919 4367 1070 4440 Andreae,
1128 4365 1160 4421 Ei
1176 4362 1303 4434 indulget
1313 4371 1343 4418 ut
1358 4362 1514 4418 terminatis
1524 4363 1617 4418 causis
1628 4361 1663 4418 ab
1673 4357 1918 4433 ApostolicaSede

283 4468 425 4528 illustris
446 4464 534 4539 regis
559 4463 751 4538 Hungariae,
767 4463 833 4524 viri
847 4464 908 4536 tui,
923 4465 955 4525 et
969 4465 1070 4538 tuam,
1163 4453 1216 4524 il>si
1226 4451 1387 4507 ⁰0mffll⁵⁸l⁸
1401 4466 1451 4524 l>er
1463 4451 1679 4508 ⁰⁰ffl¹1¹58810¹10⁸
1693 4447 1831 4521 eiusdem,
1847 4462 1918 4520 (1⁰³⁵

282 4579 350 4624 non
375 4561 427 4624 est
453 4558 607 4631 dubium,
646 4559 832 4634 pertinere;
861 4562 1073 4623 serenitatem
1163 4539 1316 4596 decutere
1331 4539 1472 4610 adipsum
1488 4538 1633 4610 impetrari
1648 4537 1810 4614 contigerit,
1824 4537 1916 4594 nulla·

283 4663 375 4722 tuam
390 4657 515 4719 attente
530 4654 712 4729 rogandam
727 4655 882 4716 duximus
904 4657 937 4716 et
955 4656 1073 4718 horta-
1163 4634 1246 4683 tenus
1260 4635 1388 4684 ‘mem‘
1403 4624 1565 4698 medere·

284 4751 1074 4830 mur,qnatenusdiligenteretefficaciteripsum
1169 4751 1917 4828 Honoriusepiscopus,servasservorumnei,

284 4866 397 4928 regem
412 4847 561 4920 iudaeae,
579 4849 615 4908 ut
624 4849 721 4922 juxta
736 4863 851 4924 preces
866 4848 899 4908 et
913 4849 1074 4913 exhorta·
1129 4851 1250 4912 dilecto
1264 4849 1333 4910 filio
1347 4849 1450 4925 priori
1467 4849 1595 4910 Sanctae
1608 4849 1779 4910 Trinitatis
1794 4848 1920 4908 Londo-

286 4950 394 5010 tiones
408 4946 539 5006 nostras
553 4943 1074 5015 dilectisfiliis,fratribusdomus
1129 4947 1273 5014 niensis,
1298 4947 1438 5006 salutem
1464 4945 1497 5006 et
1517 4945 1743 5021 Apostolieam
1763 4943 1921 5006 benedic-

287 5045 418 5128 Sanctm
453 5041 570 5102 Mariae
604 5039 884 5100 Tbeutonicorum
923 5043 1077 5104 restituat
1129 5046 1264 5106 tionem.

285 5144 393 5204 terras
418 5144 451 5200 et
469 5137 536 5198 alia
559 5135 727 5208 universa,
745 5151 818 5211 qnae
833 5138 1009 5214 peripsum
1022 5155 1077 5200 re·
1140 5197 1144 5208 ,
1170 5145 1198 5202 Α
1210 5141 1305 5201 nobis
1320 5140 1491 5200 humiliter
1505 5140 1691 5216 postulasti,
1706 5143 1752 5210 ut,
1769 5155 1843 5200 cum
1854 5153 1919 5200 non

287 5252 372 5314 gem,
391 5235 444 5294 vel
461 5233 600 5292 nuncios
615 5232 689 5306 ejus
714 5233 791 5291 sunt
807 5231 931 5291 eisdem
950 5233 1074 5309 ablata3
1132 5237 1350 5313 habeasjuris
1360 5237 1524 5313 peritiam,
1537 5239 1569 5297 et
1579 5237 1712 5312 propter
1718 5236 1920 5312 judiciorum

288 5335 321 5394 at
338 5329 545 5392 satisfaciens
570 5327 633 5397 eia,
653 5327 686 5386 et
705 5325 860 5387 satisfieri
884 5327 1010 5389 faciens
1038 5331 1077 5408 cle

289 5427 418 5493 damnis
430 5423 605 5500 etinjuriis
617 5423 782 5497 irrogatis,
797 5423 842 5484 ita
854 5423 943 5500 ipsos
953 5425 1075 5498 divine,

290 5526 323 5587 et
337 5525 449 5586 nostro
467 5519 590 5581 intuitu
609 5518 730 5591 foveat,
747 5521 899 5596 protegat
913 5523 945 5581 et
960 5521 1077 5583 defen-

291 5623 356 5695 dat,
372 5619 458 5698 quod
473 5616 620 5678 divinam
632 5631 675 5678 ex
687 5615 750 5678 hoc
763 5617 931 5678 mereatur
946 5619 1078 5694 specia-

1133 5333 1304 5410 strepitum
1317 5333 1485 5406 contingat
1499 5335 1621 5394 sanctae
1635 5331 1921 5408 contemplationis

1134 5431 1168 5490 in
1181 5431 1213 5490 te
1229 5430 1331 5490 otium
1347 5429 1512 5504 impediri,
1523 5429 1670 5489 eximere
1684 5431 1716 5490 te
1734 5429 1922 5490 acommis·

1135 5527 1265 5586 sionnm
1292 5527 1480 5586 nostrarum
1514 5525 1737 5586 sollicitudine
1765 5523 1923 5599 dignare-

1136 5639 1219 5683 mur.
1249 5623 1317 5686 Nos
1345 5639 1423 5699 ergo
1449 5623 1515 5686 tuis
1538 5621 1834 5699 supplicationibus
1859 5636 1922 5681 an-
