4174 6324
208 371 246 429 41
832 373 1060 433 EPISTOLAE.
1082 373 1160 432 LIB.
1184 373 1224 430 X.
1557 466 1561 479 .
1804 365 1843 424 12

204 526 358 602 donavit3
385 529 441 604 166
466 529 672 604 patronatus,
696 529 782 606 quod
811 529 941 592 habetis
962 530 997 590 in
1052 544 1135 605 copo
1149 528 1397 604 argentinensi,
1420 529 1461 589 H.
1484 527 1648 604 quondam
1671 523 1842 586 archidia-

206 624 349 685 ecclesia
371 624 411 684 de
436 625 643 699 ltoccingen3
669 626 751 686 duas
771 629 881 702 partes
902 627 996 688 deci·
1052 641 1135 686 cono
1151 625 1342 696 Rhemensi,
1359 627 1428 686 et...
1445 625 1570 685 decano
1586 623 1769 694 Bivinensi,
1786 623 1845 682 Co·

205 735 335 780 marum
349 721 997 796 quashabetisinecclesiadellttenheim
1052 722 1213 782 loniensis
1229 722 1395 792 dioecesis,
1413 721 1564 792 salutem,
1581 721 1642 781 etc.

206 833 280 878 cum
300 820 378 893 jure
397 819 607 893 patronatus:
632 819 714 880 duas
729 821 839 895 partes
853 820 998 881 decima·
1092 821 1131 878 H.
1149 821 1235 880 6111.
1253 821 1486 894 procuratores
1500 821 1540 877 ll.
1557 816 1797 888 archidiaconi,
1811 817 1845 878 61

205 929 280 974 rum
302 929 384 990 quas
406 914 535 976 habetis
548 916 583 974 in
598 915 736 988 Altdort,
754 917 788 976 in
804 918 996 992 Ringsheim
1052 916 1267 991 quorumdam
1283 915 1518 976 canonicorum
1529 914 1787 974 Virduneusium
1801 914 1843 974 ad

205 1011 282 1072 etin
297 1010 552 1072 Granvinhusen
564 1012 702 1088 capellis
717 1015 867 1074 ecclesiae
878 1001 1016 1076 memo?
1051 1013 1199 1072 nostram
1217 1029 1323 1088 nuper
1341 1012 1551 1087 praesentiam
1571 1011 1741 1072 venientes
1766 1027 1845 1088 pro-

203 1107 287 1169 ratae
298 1129 306 1182 3
318 1110 373 1184 Jus
392 1109 597 1183 patronatus,
620 1111 706 1186 quod
724 1110 854 1172 habetis
868 1111 903 1170 in
916 1111 997 1172 villa
1053 1109 1220 1169 curatorio
1231 1109 1465 1185 praedictorum
1478 1109 1612 1169 nomine
1625 1123 1736 1169 coram
1750 1108 1846 1170 nobis

204 1204 442 1266 monachorum
462 1220 536 1265 cum
556 1206 732 1268 medietate
747 1208 950 1268 decimarum
966 1209 998 1268 et
1053 1219 1237 1280 proponere
1266 1207 1478 1276 curaverunt,
1514 1206 1600 1281 quod
1627 1221 1739 1276 causa,
1772 1222 1845 1282 quae

203 1302 281 1362 aliis
296 1301 505 1378 pertinentiis
518 1302 606 1377 suis3
617 1306 672 1380 Jus
688 1305 893 1380 patronatus,
911 1304 997 1380 quod
1051 1300 1141 1362 inter
1162 1301 1285 1363 dictum
1311 1302 1580 1363 archidiaconum
1606 1304 1639 1363 et
1668 1303 1846 1364 canonicos

203 1397 333 1460 habetis
348 1399 383 1458 in
398 1399 540 1460 ecclesia
553 1399 593 1460 de
609 1401 766 1462 Russtein
781 1417 855 1462 cum
868 1402 995 1462 medie·
1052 1400 1251 1460 memoratos
1270 1415 1313 1458 ex
1334 1400 1428 1475 parte
1451 1415 1529 1470 una,
1559 1400 1592 1460 et
1614 1403 1652 1460 R.
1676 1401 1846 1461 cantorem

201 1495 271 1558 1616
281 1495 483 1556 decimarum
493 1498 526 1557 61
536 1496 612 1557 61116
622 1499 830 1572 666116661116
841 1499 927 1572 6616;
941 1501 996 1575 jus
1052 1495 1317 1567 Laudunensem,
1333 1497 1388 1572 qui
1401 1513 1459 1572 666
1473 1497 1578 1558 616616
1592 1497 1793 1557 virdunensi
1809 1513 1845 1558 se

202 1593 409 1669 patronatus,
442 1593 528 1669 quod
563 1593 693 1654 habetis
723 1595 759 1654 in
795 1595 935 1656 ecclesia
957 1595 996 1655 (16
1051 1592 1138 1666 gerit
1157 1607 1199 1652 ex
1220 1593 1336 1664 altera,
1358 1609 1459 1669 super
1481 1593 1700 1654 electionibus
1716 1594 1756 1654 de
1773 1611 1846 1654 ma-

203 1689 420 1750 Lounicheim
440 1691 473 1750 61
492 1689 531 1750 de
557 1691 734 1751 Stolzheim
755 1691 996 1754 cumomnibus
1051 1688 1155 1762 gistro
1189 1691 1219 1750 J.
1251 1689 1509 1750 cathalaunensi
1538 1690 1786 1763 archidiacono,
1813 1695 1846 1752 61

202 1786 516 1862 6661166611166616;
533 1803 663 1848 666666
678 1788 830 1849 redditus
845 1805 927 1866 quos
941 1789 997 1850 ha·
1051 1787 1209 1862 praedicto
1229 1789 1364 1848 cantora
1387 1787 1563 1850 celebratis
1584 1787 1618 1848 in
1643 1789 1845 1850 Virdunensi

202 1881 289 1943 betis
313 1883 347 1942 in
371 1883 523 1944 ecclesiis
544 1883 754 1960 supradictis,
777 1885 995 1950 salvatamen
1052 1883 1195 1943 ccclesia
1210 1885 1361 1954 vertitur,
1380 1885 1414 1943 in
1431 1901 1497 1944 non
1518 1885 1681 1946 modicum
1697 1886 1844 1962 ejusdem

202 1979 240 2039 in
262 1980 429 2055 praedictis
449 1981 587 2042 decimis
607 1981 834 2044 moderatione
856 1983 996 2044 Concilii
1052 1979 1202 2040 ecclesiae
1228 1981 1456 2056 praeJudicium
1481 1982 1696 2058 protrahitur,
1717 1985 1749 2044 et
1767 1999 1847 2058 gra·

202 2077 384 2152 generalis,
401 2078 463 2140 etc.
481 2079 759 2150 Sanenovalium,
774 2082 836 2142 etc.

243 2175 312 2249 ligo
324 2174 503 2246 Honorius,
519 2175 692 2236 catholioae
705 2175 862 2236 Ecclesiae
873 2177 975 2252 episc.

241 2273 309 2346 Ego
333 2271 501 2342 (166168.
525 2271 660 2332 Martini
684 2272 794 2348 presb.
815 2273 918 2342 card„
944 2275 993 2336 tit.

201 2368 338 2444 Equitii.

242 2467 311 2540 Ego
327 2465 525 2541 Stephanus,
537 2466 685 2529 basilicae
701 2467 880 2530 Duodecim
890 2471 997 2545 Apos-

200 2559 344 2621 tolorum
358 2561 529 2638 presbyter
547 2563 637 2623 card.

243 2659 312 2732 Ego
323 2657 477 2729 Thomas,
497 2659 547 2719 tit.
566 2661 598 2719 S.
618 2659 748 2720 Sabinae
760 2660 867 2736 presb.
885 2663 974 2722 card.

241 2755 680 2830 Egoloannes,tit.Sanctae
689 2758 997 2836 Praxedispresby-

200 2850 255 2912 166
269 2851 460 2912 cardinalis.

241 2950 310 3024 Ego
319 2950 616 3023 liugo,llostiensis
625 2951 881 3012 etvelletrensis
892 2952 993 3028 episc.

241 3047 309 3120 Ego
322 3045 492 3117 Nicolaus,
506 3047 715 3108 Tusculanus
729 3048 913 3124 episcopus

242 3143 310 3216 ligo
325 3143 477 3202 oliverus
493 3142 687 3203 sabinensis
702 3144 888 3220 episcopus.

240 3241 308 3313 Ego
319 3239 392 3299 0116
407 3241 463 3299 SS.
478 3239 586 3314 Sergii
605 3241 777 3300 etBacchi
798 3241 889 3301 card.
907 3241 992 3302 diac.

240 3337 308 3410 Ego
320 3337 516 3412 Stephanus,
533 3339 565 3396 S.
582 3337 720 3398 Adriani
736 3339 822 3398 diac.
839 3339 929 3398 card.

240 3434 307 3506 Ego
319 3433 494 3504 Rainerus,
506 3435 538 3492 S.
549 3435 665 3495 Mariae
674 3435 708 3494 in
719 3435 894 3496 cosmedin
907 3435 992 3496 diac.

200 3529 291 3590 card.

240 3629 308 3702 Ego
320 3627 468 3702 Egidius
495 3629 552 3688 SS.
571 3629 696 3688 Cosmae
707 3631 739 3690 et
761 3629 914 3690 Damiani
927 3629 995 3690 dia·

201 3737 304 3784 conus
317 3724 509 3784 cardinalis.
644 3786 645 3789 ,

241 3823 308 3894 Ego
320 3821 448 3891 Petrus,
472 3821 586 3882 Sancti
599 3822 733 3897 Georgii
743 3823 784 3882 ad
795 3824 913 3885 velum
924 3827 994 3885 Au-

199 3931 294 3978 reum
305 3917 390 3978 diac.
403 3917 593 3978 cardinalis.

239 4013 359 4074 Datum
385 4015 551 4087 Laterani,
585 4029 644 4091 per
674 4031 809 4076 manum
843 4017 993 4093 magistri

200 4111 362 4170 Guidonis
374 4111 498 4170 domini
509 4127 603 4187 papae
614 4113 747 4183 notarii,
761 4115 806 4172 ΙΙΙ
820 4113 887 4174 kal.
901 4115 990 4186 maii,

202 4204 357 4284 [16666161
372 4205 509 4286 martii],
524 4208 706 4270 indictione
725 4213 811 4281 XIV,
829 4213 991 4270 1666666-

200 4303 301 4364 tionis
326 4303 506 4364 Dominicaa
525 4321 613 4365 anno
636 4307 833 4378 MCCXXVI,
854 4307 992 4382 pontill-

201 4399 294 4461 catus
304 4415 383 4461 vero
399 4399 522 4460 domini
534 4417 628 4478 papae
642 4403 688 4463 ΙΙΙ
698 4419 785 4464 6666
801 4403 940 4464 decimo.

195 4739 248 4798 Ad
271 4738 468 4810 episcopum
489 4737 790 4812 argentinensem,
811 4742 990 4800 orchidia·

236 4848 359 4895 conum
381 4837 615 4906 haemeraeo,
637 4837 805 4896 decanum
820 4839 991 4898 3161666-

235 4945 321 5002 sem,
339 4933 550 4992 coloniensis
565 4933 732 4990 dioecesis.

455 5049 639 5110 6616666611
655 5051 734 5108 1111.

229 5165 346 5230 [liegest.,
361 5165 406 5216 lib.
419 5165 452 5229 x,
463 5164 536 5229 epist.
548 5163 603 5214 22⁷.
615 5165 719 5215 116616
731 5165 808 5216 Porta
820 5165 855 5215 du
867 5166 961 5232 Theti]

197 5271 329 5343 rrectpn
348 5271 390 5328 eis
412 5277 444 5328 ut
473 5269 545 5327 inira
570 5271 723 5328 terminum
748 5273 942 5345 praescriptum
964 5273 993 5330 in

232 5373 318 5416 causa
329 5359 412 5416 616611
424 5357 612 5418 virdunensis
624 5359 789 5430 procedant,
801 5375 922 5432 eamque
932 5360 990 5418 sul·

233 5447 361 5504 licieuter
376 5448 543 5504 instructam
562 5445 599 5504 ad
616 5446 719 5504 sedem
738 5449 931 5520 apostolicam
947 5465 989 5506 re·

232 5536 356 5592 mittant.

239 5651 418 5722 Honorius,
442 5650 516 5723 616,
537 5650 719 5714 venerabili
743 5650 876 5714 fratri...
899 5653 992 5729 epis-

1051 2089 1274 2145 tamencum
1296 2091 1389 2136 mora
1412 2077 1446 2135 in
1465 2077 1587 2137 talibus
1607 2079 1651 2138 611
1673 2078 1843 2150 damnosa,

1051 2171 1084 2232 et
1097 2187 1176 2246 pars
1192 2187 1252 2232 sua
1273 2171 1410 2247 fatigata
1432 2172 1615 2245 laboribus,
1634 2177 1667 2235 61
1688 2175 1844 2250 expensis

1052 2269 1844 2346 ajurtssuijamcogaturprosecutionecessare,

1051 2365 1247 2441 adjicientes
1270 2366 1355 2442 quod
1379 2367 1408 2426 si
1430 2367 1464 2426 in
1484 2368 1686 2428 virdunensi
1712 2369 1845 2430 civitate

1052 2461 1251 2523 discutiatur
1272 2464 1453 2538 negotium,
1480 2464 1602 2525 ibidem
1632 2465 1846 2542 1661116666-

1050 2559 1129 2620 terit
1141 2560 1245 2636 ipsius
1256 2561 1379 2621 veritas
1390 2561 1554 2636 indagari,
1568 2579 1665 2638 quam
1677 2563 1845 2624 civitatem

1051 2659 1209 2732 tanquam
1225 2657 1334 2718 locum
1349 2658 1504 2718 idoneum
1522 2659 1681 2734 partibus,
1702 2661 1735 2721 et
1753 2677 1845 2721 com-

1050 2769 1196 2825 munem,
1220 2756 1256 2814 ut
1274 2754 1320 2814 ibi
1343 2755 1383 2815 de
1405 2756 1538 2830 negotio
1558 2756 1758 2818 tractaretur
1776 2757 1843 2817 ali-

1051 2850 1182 2926 quando
1197 2851 1357 2926 elegistis.
1373 2853 1627 2928 superadditum
1641 2870 1771 2930 quoque
1783 2855 1845 2916 suit

1050 2961 1069 3006 a
1085 2949 1357 3022 procuratoribus
1374 2951 1577 3021 memoratis,
1601 2952 1686 3026 quod
1707 2968 1779 3012 cum
1795 2953 1841 3026 tu,

1049 3043 1153 3104 irater
1172 3046 1337 3122 episcope,
1356 3046 1460 3122 judex
1481 3048 1613 3108 anobis
1629 3049 1724 3110 datus
1739 3049 1843 3110 fueris

1050 3140 1090 3200 ad
1114 3141 1305 3216 petitionem
1327 3143 1431 3218 partis
1455 3142 1603 3204 adversae
1628 3145 1662 3204 in
1684 3147 1844 3222 praejudi-

1049 3237 1137 3298 cium
1161 3239 1265 3314 partis
1294 3255 1363 3300 suae
1392 3240 1553 3302 insertum
1581 3244 1653 3304 6661
1676 3243 1843 3318 prioribus

1049 3334 1181 3406 litteris,
1199 3338 1236 3397 ut
1257 3352 1331 3396 cum
1351 3338 1456 3398 altero
1476 3339 1624 3414 ipsorum
1647 3342 1842 3415 procederes

1049 3431 1079 3491 si
1102 3447 1216 3492 omnes
1243 3449 1309 3493 non
1339 3435 1479 3510 possetis
1509 3437 1643 3508 negotio
1669 3437 1841 3500 interesse.

1051 3531 1157 3604 Super
1171 3529 1289 3604 quibus
1307 3533 1538 3605 procuratores
1558 3533 1623 3607 ipsi
1643 3535 1843 3608 provideria

1049 3625 1144 3685 nobis
1160 3626 1330 3687 humiliter
1345 3628 1521 3703 petierunt,
1539 3629 1573 3689 et
1587 3645 1639 3696 ne,
1657 3630 1769 3702 lilith,
1785 3633 1843 3693 im-

1049 3721 1194 3796 pediaris
1209 3723 1373 3784 interesse
1386 3724 1576 3800 hujusmodi
1589 3741 1710 3798 causae,
1728 3744 1787 3804 pro
1803 3747 1842 3791 eo

1048 3819 1134 3894 quod
1150 3819 1329 3894 resignasti
1345 3821 1652 3882 archidiaconatum
1668 3825 1840 3887 Rhemeu-

1048 3929 1118 3975 sem
1140 3919 1234 3993 cujus
1259 3917 1514 3980 archidiaconus
1536 3921 1571 3980 16
1596 3922 1763 3996 praedictis
1786 3925 1844 3999 lit-

1047 4013 1128 4074 teris
1144 4013 1320 4074 dicebaris.
1338 4017 1497 4085 Quocirca
1513 4016 1706 4080 discretioni
1722 4021 1841 4082 vestra

1048 4108 1197 4170 districte
1217 4111 1440 4186 praecipiendo
1456 4114 1662 4186 mandamus,
1680 4117 1842 4192 quatenus

1048 4205 1089 4264 ad
1105 4206 1215 4266 locum
1230 4208 1466 4270 convenientes
1481 4209 1644 4277 eumdem,
1660 4215 1693 4272 et
1707 4228 1841 4274 causam

1047 4301 1082 4360 iu
1105 4301 1179 4376 ipso
1202 4303 1396 4376 tractantes,
1423 4306 1541 4378 gratia,
1567 4307 1644 4367 odio
1669 4309 1700 4368 61
1723 4309 1843 4372 timore

1047 4395 1238 4470 postpositis
1249 4397 1346 4472 juxta
1361 4397 1509 4472 priorum
1525 4400 1764 4462 continentiam
1784 4403 1842 4465 lit·

1046 4491 1205 4563 terarum,
1243 4508 1325 4568 quas
1361 4492 1455 4554 vobis
1489 4494 1672 4557 direximus
1712 4500 1842 4561 6611666

1047 4588 1172 4663 praevia
1186 4589 1222 4648 in
1237 4604 1338 4650 causa
1353 4590 1540 4666 procedatis
1553 4593 1679 4666 eadem,
1693 4595 1740 4656 ita
1755 4600 1841 4673 quod

1046 4683 1135 4745 inira
1159 4685 1311 4760 proximo
1337 4689 1515 4748 venturum
1540 4687 1661 4749 1661616
1687 4694 1840 4755 Omnium

1049 4783 1244 4843 Sanctorum
1266 4783 1464 4844 instructum
1489 4785 1693 4848 sufficienter
1714 4789 1755 4849 ad
1779 4807 1840 4852 nos

1047 4879 1216 4954 negotium
1250 4881 1438 4948 remittatis,
1464 4883 1576 4956 partes
1600 4883 1641 4943 ed
1670 4889 1841 4948 cantorem

1047 4975 1241 5050 praedictum
1265 4976 1417 5050 citantes,
1444 4979 1480 5038 ut
1503 4980 1614 5055 partes
1635 4997 1695 5056 per
1717 4998 1763 5054 66,
1786 4985 1839 5046 vel

1047 5073 1279 5147 procuratores
1292 5073 1441 5146 idoneos,
1456 5078 1573 5136 cantor
1585 5093 1665 5138 vero
1684 5095 1840 5154 persona·

1046 5169 1123 5230 liter
1138 5169 1173 5230 in
1188 5171 1330 5232 termino
1346 5175 1529 5248 praetaxato
1549 5175 1662 5235 nostro
1684 5191 1720 5238 66
1742 5194 1842 5240 cons-

1047 5267 1157 5343 pectui
1176 5271 1417 5343 repraesentent
1431 5271 1629 5332 sententiam
1645 5276 1841 5351 recepturae.

1047 5364 1095 5424 Ad
1109 5364 1181 5424 haec
1200 5366 1353 5426 volumus
1368 5367 1566 5428 auctoritate
1585 5369 1679 5430 robis
1694 5385 1842 5445 praesen-

1046 5461 1130 5522 tium
1151 5462 1237 5522 sicut
1258 5463 1342 5522 alias
1362 5463 1548 5524 venerabili
1570 5464 1665 5526 tratri
1687 5469 1839 5531 nostro...

1048 5559 1203 5635 episcopo
1217 5551 1448 5622 Parisiensi'et
1463 5561 1599 5636 collegis
1614 5564 1686 5637 ejus
1701 5567 1842 5629 manda-

1048 5656 1157 5718 vimus
1186 5656 1412 5733 injungentes,
1440 5661 1475 5719 ut
1500 5673 1571 5718 cum
1603 5659 1742 5725 ecclesia
1769 5664 1841 5742 ipsa
