4174 6324
279 387 298 442 7
892 381 1067 444 II'ONORII
1089 383 1134 440 111
1156 379 1304 442 OPERA.

279 540 438 617 Aquensi,
455 543 487 602 et
509 542 683 602 vasatensi
703 539 879 616 episcopis,
896 543 929 601 et
950 539 1071 600 dilecto

280 638 350 698 lilio
385 635 620 700 archidiacono
649 639 837 708 vasatensi,
868 637 1008 700 salutem
1039 638 1072 697 et

279 737 502 812 Apostolicam
518 735 791 796 benedictionem.

322 834 404 902 Quia
419 849 492 908 quae
507 832 546 891 de
561 847 647 892 novo
663 831 835 906 emergunt
854 831 993 892 consilio
1013 831 1070 890 in-

280 928 393 1002 digent
421 929 555 1004 propter
581 928 747 1004 quaedam,
778 944 850 1002 quae
885 928 1068 998 imminent,

280 1026 493 1102 praesentium
516 1025 609 1085 vobis
638 1025 835 1086 auctorItate
863 1025 1068 1093 mandamus

280 1123 443 1198 quatenus
457 1123 576 1182 litteris
591 1121 631 1182 ad
646 1137 704 1182 vos
718 1123 832 1182 contra
845 1121 986 1182 barones
1002 1121 1070 1180 im-

279 1221 417 1296 petratis
435 1236 453 1279 a
470 1219 564 1278 nobis
582 1219 797 1294 supersedere
812 1219 946 1288 curetis,
966 1217 1070 1278 donec

278 1316 401 1374 nostrae
417 1313 609 1389 receperitis
624 1313 866 1388 beneplacitum
876 1312 1067 1374 voluntatis

279 1411 398 1473 Datum
414 1409 503 1490 (stc).

586 1577 764 1664 LXXXII

326 1733 378 1790 Act
392 1729 528 1790 abbates
542 1729 576 1790 ct
590 1730 795 1790 caumatum
812 1729 1017 1790 monasterti

515 1829 555 1886 de
574 1829 832 1899 Duvtscrmctpu.

540 1955 573 2012 13
588 1955 711 2028 januarii
728 1955 806 2012 1226.

357 2069 484 2132 [Theium
495 2069 606 2120 tionum.
620 2067 798 2126 ilibernorum,
813 2085 838 2132 p.
851 2069 890 2126 23,
903 2083 928 2118 n.
939 2069 990 2134 ts]

278 2187 326 2244 Eis
348 2191 503 2256 proventus
520 2184 705 2240 ecclesiarum
729 2183 764 2238 de
784 2183 870 2239 Halos
891 2191 918 2239 et
937 2183 973 2240 de
998 2185 1067 2241 llin-

313 2273 422 2346 glassin
442 2275 469 2329 S.
484 2271 605 2329 Andreae
627 2271 759 2327 dioecesis
780 2278 979 2330 vacaturarum
999 2287 1067 2328 con·

313 2360 460 2418 ceduntur.

317 2453 986 2553 HonorIusepiscopus,servus'servorum
997 2478 1066 2550 Dei,

278 2573 407 2635 dilectis
428 2573 544 2633 tiliis..
563 2573 674 2634 abbati
689 2575 722 2633 et
741 2574 918 2634 conventui
936 2589 1070 2634 monas-

277 2671 356 2734 terii
374 2670 415 2731 de
436 2669 684 2747 Duniermelyn,
709 2669 848 2730 salutem
869 2671 902 2730 et
923 2673 1068 2748 Aposto-

277 2767 377 2828 licam
397 2767 671 2828 benedictionem.

318 2867 367 2925 Ex
381 2864 544 2925 relatione
559 2865 669 2924 vestra
685 2864 815 2940 plenius
832 2863 1067 2938 intelleximus,

278 2961 454 3038 quodcum
472 2959 513 3022 ad
531 2960 635 3020 divini
651 2962 759 3022 cultus
777 2963 989 3036 augmentum
1004 2978 1070 3023 mo-

278 3059 462 3120 nasterium
483 3060 628 3119 vestrum
651 3060 719 3118 tam
744 3073 882 3119 numero
910 3075 1071 3134 persona-

277 3171 363 3226 rum,
381 3170 479 3231 quam
503 3155 536 3214 et
560 3153 715 3214 nobiliori
742 3156 907 3216 structura
936 3155 1069 3216 sabrIcae

278 3251 441 3313 duxeritIs
453 3251 742 3325 augmentandum,
754 3267 812 3326 pro
828 3253 1069 3312 sustentatione

279 3349 418 3420 fratrum
438 3349 471 3408 et
496 3347 663 3422 hospitum
687 3347 781 3408 vobis
808 3363 874 3408 non
900 3347 1070 3409 sufficiunt

279 3445 465 3520 facultates,
478 3443 556 3520 quin
570 3444 762 3520 plerumque
772 3445 906 3520 propter
916 3445 979 3506 hcc
992 3444 1071 3505 sub-

279 3541 398 3602 irevos
409 3541 670 3616 oporteatonera
681 3539 877 3602 debitorum.
891 3541 984 3602 Unde
995 3559 1069 3602 cum

280 3639 384 3699 multa
408 3653 543 3714 precum
567 3637 725 3698 instantia
748 3638 951 3713 postulastis
968 3640 1004 3700 ut
1018 3639 1070 3700 di-

279 3750 461 3812 gnaremur
472 3733 566 3794 vobis
580 3733 621 3794 ad
633 3733 891 3810 hospitalitatem
903 3736 1069 3812 praecipue

280 3831 551 3897 conservandam,
568 3830 654 3907 quod
670 3831 704 3890 in
720 3830 760 3891 de
774 3831 875 3891 Hales
887 3834 919 3893 et
931 3833 971 3892 de
986 3833 1070 3892 Kin-

280 3930 406 4006 glassin
418 3927 569 3988 ecclesiIs
582 3927 702 3987 vestris
716 3928 828 3988 Sancti
838 3928 977 3990 Andreae
986 3929 1071 3990 dioe-

280 4027 377 4096 cesis,
394 4039 475 4101 quas
491 4040 510 4084 a
524 4023 614 4084 veris
626 4023 774 4100 patronis
786 4023 880 4089 vobis
894 4040 1069 4086 concessas

279 4124 313 4184 et
327 4121 539 4183 confirmatas
561 4135 619 4197 per
637 4121 702 4181 loci
718 4119 942 4181 dioecesanum
958 4122 998 4182 de
1013 4138 1070 4182 ca-

280 4219 376 4298 pituli
392 4217 443 4278 sui
459 4233 598 4278 assensu
614 4217 750 4294 pacifice
765 4217 932 4290 obtinetis
949 4217 1071 4280 ceden-

279 4317 368 4380 tibus
379 4315 431 4378 vel
446 4314 679 4376 decedentibus
691 4331 806 4376 eorum
819 4316 980 4392 personis,
993 4332 1072 4392 pro-

279 4416 398 4476 ventus
427 4413 575 4488 ipsarum
604 4412 739 4488 possitis
770 4413 805 4472 iu
834 4428 913 4473 usus
941 4415 1069 4474 vestros

280 4513 484 4581 convertere,
513 4508 652 4569 liberum
678 4511 757 4570 tunc
783 4508 823 4570 de
847 4511 960 4571 nostra
988 4525 1070 4586 pro-

279 4607 438 4670 missione
465 4604 615 4666 babendo
637 4606 825 4680 ingressum
851 4607 886 4665 in
912 4607 1070 4667 ecclesias

280 4705 490 4766 memoratas.
517 4703 586 4762 Nos
614 4717 693 4762 vero
722 4701 888 4764 laudabile
913 4703 948 4762 in
977 4703 1070 4764 vobis

280 4800 516 4878 hospitalitatis
539 4799 682 4860 studium
704 4799 933 4860 favorabiliter
956 4816 1071 4876 prose-

280 4901 430 4978 quentes,
447 4897 614 4956 devoti0ni
629 4899 759 4968 vestrae,
777 4897 973 4958 auctoritate
984 4913 1071 4973 pree·

279 4997 435 5065 sentium,
456 4993 667 5054 concedimus
687 4993 851 5069 postulata
869 5016 875 5054 :
892 4995 941 5053 sic
960 4996 1069 5056 tamen

278 5091 506 5160 ethonestam
523 5089 668 5150 babeant
686 5091 961 5152 sustentationem
979 5092 1071 5168 ipsa·-

280 5187 1070 5277 rumvicarii,quosdioecesanoepiscopaviteide

280 5283 520 5365 spiritualibus,
535 5283 629 5346 vobis
645 5285 754 5346 autem
774 5283 814 5344 de
833 5285 1069 5360 temporalibus

278 5381 511 5461 respondeant,
534 5381 750 5458 praesentetis.
774 5380 866 5442 Nulli
885 5397 975 5458 ergo,
992 5385 1067 5451 eto,

279 5484 402 5544 nostre
415 5478 651 5550 concessionis,
663 5477 770 5540 etesi
782 5478 856 5555 quis
869 5482 991 5551 autern,
1006 5481 1067 5542 etc.

281 5579 398 5642 Datum
419 5575 532 5646 Reate,
560 5573 635 5636 idus
663 5575 828 5654 januarii,
859 5575 1070 5654 pontificatus

282 5673 386 5736 nostri
401 5688 488 5734 anno
503 5672 641 5734 decimo.

1422 545 1620 633 LXXXIII

1125 699 1177 756 Ad
1192 700 1387 792 episcopum
1402 699 1646 772 Gtaspucusem
1660 697 1693 756 ct
1707 695 1861 756 abbatem
1875 711 1917 757 ae

1164 793 1726 856 collocutumavtouasterttSaactce
1736 793 1916 854 menclaus

1163 893 1204 951 de
1219 892 1478 965 Daucscrmctpu.

1390 1021 1422 1078 13
1434 1021 1558 1092 januarii
1572 1021 1650 1079 tate.

1231 1141 1383 1206 [Registrum
1394 1144 1424 1193 de
1437 1143 1626 1208 Duniermelyn,
1639 1144 1692 1202 tec,
1706 1158 1731 1194 n.
1742 1145 1810 1210 stu]

1124 1265 1256 1338 Indulget
1269 1273 1300 1322 ut
1312 1282 1346 1324 ea
1365 1268 1516 1324 occasione
1531 1267 1606 1339 quod
1622 1269 1758 1341 magister
1773 1269 1916 1328 Acuncius

1159 1355 1321 1410 molendina
1337 1355 1465 1426 quaedam
1484 1356 1561 1412 etilli
1578 1355 1718 1412 redditum
1735 1357 1828 1428 ipsum
1845 1371 1914 1415 con·

1159 1451 1305 1500 cesserunt
1316 1443 1344 1498 in
1360 1443 1401 1499 eis
1414 1443 1557 1515 Stephano
1568 1445 1682 1514 clerico,
1695 1459 1752 1500 uon
1767 1452 1917 1503 teneantur

1159 1537 1223 1602 post
1232 1531 1381 1588 decessum
1392 1531 1520 1604 ejusdem
1533 1531 1696 1590 molendina
1710 1533 1770 1606 ipsu
1784 1533 1813 1589 iu
1825 1532 1913 1592 bene·

1160 1619 1254 1676 licium
1270 1634 1395 1690 uuquam
1407 1619 1574 1677 concedere.

1162 1745 1912 1821 Honoriusepiscopus,servusservorumbei,

1123 1842 1309 1902 venerabili
1322 1841 1417 1902 tratri
1431 1842 1585 1919 episcopo
1601 1843 1808 1918 Glasgueusi,
1823 1846 1855 1905 et
1868 1843 1916 1905 di·

1124 1938 1218 1999 lectis
1234 1939 1312 1998 tiliis
1332 1939 1505 2000 abbatibus
1530 1941 1562 2000 et
1583 1941 1759 2000 conventui
1781 1957 1915 2002 monas-

1123 2037 1198 2096 terii
1214 2037 1342 2097 Sanctae
1356 2037 1527 2097 Trinitatis
1541 2037 1581 2096 de
1596 2037 1842 2115 Dunlermelyn,
1859 2053 1915 2098 sa-

1124 2133 1224 2193 lutem
1241 2135 1272 2194 et
1286 2134 1507 2209 Apostolicam
1523 2133 1799 2195 benedictionem.

1165 2233 1244 2290 Cum
1261 2231 1295 2290 in
1316 2231 1515 2290 molendinIs
1535 2247 1607 2307 quae
1627 2231 1662 2291 in
1683 2231 1914 2292 beneficiuma

1123 2327 1216 2388 vobis
1231 2329 1337 2390 tenuit
1351 2328 1445 2388 bonae
1457 2329 1624 2388 memoriae
1636 2330 1794 2404 magister
1803 2335 1916 2390 Acun-

1122 2425 1204 2495 cius,
1222 2424 1442 2485 subdiaconus
1460 2425 1492 2486 et
1506 2425 1698 2500 capellanus
1718 2427 1840 2498 noster,
1863 2425 1915 2486 di-

1124 2523 1208 2582 lecto
1227 2521 1295 2582 tilio
1315 2522 1481 2597 Stephano
1499 2522 1620 2582 clerico
1640 2522 1760 2583 nobilis
1775 2523 1839 2584 viri
1854 2526 1914 2585 Jo-

1123 2619 1243 2679 bannis
1266 2619 1414 2678 MancIni
1433 2617 1515 2678 civis
1535 2621 1677 2680 Romani
1698 2620 1912 2680 redditum...

1123 2717 1164 2775 ad
1185 2731 1299 2792 preces
1326 2717 1458 2776 nostras
1484 2714 1668 2778 liberaliter
1693 2717 1911 2790 contuleritis,

1123 2829 1219 2890 quem
1248 2813 1354 2873 eidem
1382 2813 1504 2874 clerico
1529 2813 1684 2874 duximus
1708 2815 1914 2875 confirman-

1123 2911 1200 2970 dum
1215 2931 1222 2970 :
1239 2926 1311 2982 nos,
1329 2925 1370 2970 ue
1390 2909 1466 2970 inde
1488 2910 1670 2972 incurratis
1692 2911 1913 2988 dispendium,

1124 3007 1210 3067 unde
1246 3007 1371 3068 debetis
1406 3007 1548 3082 gratiam
1579 3009 1777 3084 promereri,
1808 3008 1913 3069 devo-

1122 3105 1206 3165 tioni
1242 3105 1360 3166 vestrae
1392 3105 1590 3166 auctoritate
1619 3105 1832 3181 praesentium
1860 3105 1916 3165 in-

1123 3201 1306 3276 dulgemus,
1324 3201 1360 3260 ut
1375 3215 1414 3261 ea
1429 3201 1604 3262 occasione
1620 3201 1705 3277 quod
1722 3201 1828 3262 dictus
1849 3217 1915 3262 ma·

1123 3297 1227 3372 glster
1253 3297 1360 3358 tenuit
1387 3297 1577 3357 molendina
1608 3298 1766 3373 praedicta
1793 3299 1826 3359 et
1854 3313 1915 3360 vos

1123 3393 1287 3454 redditum
1309 3394 1418 3469 ipsum
1442 3393 1652 3455 concessistis
1671 3393 1706 3454 in
1726 3397 1775 3455 eis
1792 3395 1914 3456 clerico

1123 3491 1314 3562 memorate,
1343 3505 1409 3551 nou
1437 3491 1619 3551 teneamini
1644 3491 1718 3567 post
1742 3491 1914 3552 decessum

1124 3587 1282 3664 ejusdem,
1295 3587 1485 3648 molendina
1500 3588 1573 3663 ipsa
1586 3587 1620 3648 in
1635 3587 1833 3649 beneticium
1846 3605 1914 3648 un-

1123 3701 1221 3762 quam
1237 3684 1431 3754 concedere,
1444 3684 1498 3746 vel
1518 3685 1552 3744 in
1570 3685 1639 3745 illis
1652 3685 1844 3761 pensionem
1857 3687 1915 3748 aut

1123 3782 1286 3842 redditum
1313 3782 1499 3856 assignare.
1528 3785 1574 3842 Ea
1598 3797 1677 3858 ergo
1706 3799 1780 3842 cum
1807 3783 1913 3844 dictus

1124 3879 1309 3956 Stephanus
1328 3879 1472 3940 debitum
1492 3880 1619 3941 naturae
1641 3879 1850 3956 persolverit,
1872 3881 1913 3942 ad

1124 3993 1203 4036 usus
1223 3978 1352 4036 vestros
1378 3975 1482 4035 libere
1513 3975 1698 4036 devolvunt.
1734 3976 1826 4038 Nulli
1854 3992 1913 4037 er-

1123 4089 1175 4148 go,
1199 4075 1260 4133 etc.
1284 4074 1318 4132 Si
1339 4073 1412 4148 quis
1432 4075 1553 4142 autem,
1576 4075 1638 4133 etc.
1659 4073 1777 4133 Datum
1798 4075 1912 4146 Reate,

1124 4169 1198 4230 idus
1233 4169 1393 4245 januarii,
1434 4168 1645 4245 pontificatus
1685 4169 1790 4230 nostri
1824 4185 1914 4232 auno

1124 4266 1262 4328 decimo.

1421 4451 1615 4539 LXXXIV

1124 4605 1175 4665 Ad
1189 4603 1342 4664 aetatem
1356 4579 1625 4677 concentumque
1640 4605 1680 4664 de
1701 4605 1913 4677 Decuseme-

1163 4706 1220 4774 tpu
1236 4700 1268 4760 et
1287 4699 1453 4769 abbatem,
1480 4703 1725 4776 catceatcosque
1741 4703 1782 4762 de
1803 4703 1915 4762 scona

1162 4799 1197 4857 S.
1213 4799 1541 4866 Andreoedioecests.

1384 4927 1417 4982 l3
1431 4925 1553 4996 januarii
1570 4927 1647 4984 1226.

1146 5057 1151 5070 '
1225 5047 1377 5112 [Registrum
1389 5046 1419 5097 de
1433 5047 1620 5112 Duulermelyn,
1635 5049 1689 5106 itt,
1702 5063 1727 5099 n.
1745 5049 1812 5114 Μ]

1123 5173 1363 5245 compositionem
1386 5172 1459 5228 inter
1480 5172 1611 5229 abbatem
1630 5181 1860 5246 conventumque
1878 5173 1914 5232 de

1158 5259 1360 5333 Duulermelyn
1370 5267 1399 5316 et
1411 5259 1542 5318 abbatem
1553 5260 1763 5334 canonicosque
1776 5261 1811 5319 de
1822 5263 1913 5320 Scoua

1158 5365 1243 5422 super
1257 5347 1426 5422 quibusdem
1438 5347 1556 5406 decimis
1570 5349 1668 5406 initam
1684 5349 1841 5409 coufirmat.

1162 5475 1330 5536 Honorius
1345 5474 1533 5551 episcopus,
1548 5473 1610 5535 etc.

1163 5575 1243 5633 Cum
1252 5587 1272 5632 a
1281 5571 1375 5633 nobis
1387 5571 1510 5647 petitur
1520 5570 1606 5648 quod
1616 5571 1741 5648 Justum
1752 5573 1842 5634 estet
1851 5573 1914 5634 hc-

1123 5671 1264 5742 uestum,
1279 5669 1347 5730 tam
1357 5667 1452 5743 vIgor
1465 5667 1630 5746 aequitatis
1641 5683 1738 5745 quam
1753 5668 1832 5730 ordo
1845 5670 1914 5731 exi·
