4174 6324
310 343 350 402 87
926 339 1103 403 HONORII
1124 342 1170 402 111
1191 341 1339 402 OPERA.

308 499 503 562 monasterii
523 499 717 576 dispendiis,
740 499 774 562 et
794 498 929 576 injuriis
953 499 1100 570 obviare,

309 595 561 663 universitatem
575 598 719 657 vestram
732 612 903 658 monemus
918 614 979 673 per
992 600 1102 674 Apos-

309 693 410 754 tolica
430 695 553 769 scripta
584 694 796 766 mandantes,
823 693 985 770 quatenus
1006 695 1103 770 juxta

310 791 458 852 eamdem
483 791 770 862 consuetudinem,
797 791 830 852 et
850 807 909 852 vos
937 791 1103 852 accedatis

309 887 441 948 invitati
457 889 593 963 propter
606 888 670 948 hoc
683 888 724 948 ad
736 888 974 949 monasterium
990 904 1104 965 supra-

309 984 444 1055 dictum,
470 986 504 1044 et
525 985 609 1045 alios
625 985 704 1046 illuc
726 975 830 1046 libere
850 986 1007 1046 accedere
1023 1001 1102 1062 per-

308 1081 463 1156 mittatis3
481 1097 546 1142 non
569 1082 749 1142 videamini
768 1099 945 1144 revocasse
961 1083 1003 1144 ad
1023 1083 1101 1143 ani-

307 1195 410 1248 mum,
428 1179 514 1255 quod
538 1179 573 1238 in
597 1180 798 1241 monasterio
819 1182 875 1256 111
903 1180 966 1241 suit
987 1181 1102 1242 matris

309 1277 433 1338 nostrae
457 1279 615 1336 Romanae
638 1277 796 1338 Ecclesiae
823 1277 1045 1350 declaratum,
1071 1279 1104 1339 et

308 1372 388 1433 dicti
422 1371 523 1434 abbas
560 1375 592 1434 et
620 1374 803 1434 conventus
836 1390 903 1434 non
938 1375 1103 1449 cogantur

308 1483 409 1546 super
430 1469 493 1531 hoc
512 1471 636 1531 iterare
652 1471 830 1547 querelam.
856 1471 1012 1548 Alioquin
1027 1487 1101 1532 cum

307 1566 342 1626 id
358 1581 425 1627 non
440 1567 575 1642 possitis
595 1583 798 1643 praesumere
822 1567 894 1628 sine
916 1569 1040 1640 nostra,
1069 1571 1102 1630 et

307 1664 505 1739 Apostolicae
531 1664 625 1724 Sedis
654 1664 801 1736 offensa,
830 1666 1101 1741 praesumptuosis

307 1761 480 1822 conatibus
508 1759 646 1822 obviare
671 1761 910 1832 recurabimus‚
928 1777 971 1822 ne
994 1763 1100 1824 effec-

307 1859 377 1919 tum
398 1857 543 1919 habeant
561 1859 596 1918 in
617 1859 764 1934 ejusdem
788 1860 983 1920 monasterii
1010 1875 1100 1936 prae-

303 1954 467 2031 judicium
499 1955 532 2014 et
565 1970 756 2030 gravamen.
785 1957 903 2016 Datum
932 1957 1099 2028 Laterani,

306 2053 384 2111 Xlll
413 2051 574 2111 kalendas
606 2051 710 2127 junii,
748 2053 959 2128 pontificatus
995 2055 1100 2115 nostri

307 2163 396 2208 anno
419 2147 558 2208 decimo.

611 2345 804 2432 CXLVIII

365 2497 416 2554 Ad
432 2490 653 2563 Ludootcum',
670 2500 888 2557 Francorum
909 2509 1039 2572 repam.

589 2627 621 2682 al
645 2626 714 2682 maii
737 2626 815 2684 itas.

317 2745 453 2812 [bouquet
464 2747 523 2798 1111.
537 2747 581 2798 des
594 2749 697 2808 1111111,
713 2749 780 2806 XlX,
796 2748 849 2799 att.
866 2704 973 2812 ingess,
988 2749 1033 2800 lib.
1051 2751 1082 2808 X,

621 2828 695 2892 epist.
708 2828 776 2892 337.)

306 2931 375 2991 Cum
389 2947 438 2990 111
453 2932 622 3002 Ludovicns,
639 2935 755 3008 vigente
768 2933 885 2992 dissidio
899 2950 965 2992 cum
978 2935 1099 2992 Hemico

339 3022 500 3094 Anglorum
521 3037 600 3094 rege,
629 3021 871 3095 Burdegalensem
906 3023 1096 3096 archiepisco·

338 3124 408 3181 gum
424 3125 439 3166 a
462 3117 600 3166 terrarum
616 3125 731 3166 suarum
747 3111 880 3182 ingressu
897 3111 1097 3182 prohibuisset,

340 3197 482 3253 Honorius
497 3196 571 3268 apud
587 3195 761 3254 Ludovicum
777 3199 935 3270 patrocinio
950 3199 1100 3270 archicpis-

338 3298 443 3354 copum
456 3291 559 3353 tuetur,
577 3282 678 3342 lavans
690 3284 802 3356 Anglire
814 3285 885 3358 regi.

357 3409 525 3470 Honorius
559 3409 734 3484 episcopus
739 3453 813 3480 ......
849 3409 1023 3472 carissimo
1063 3413 1099 3472 in

208 3541 210 3546 ·
305 3505 434 3566 Christo
464 3505 533 3565 11111
563 3505 635 3580 regi
662 3506 812 3567 Franciae
838 3507 979 3580 illustri,
1008 3507 1099 3569 salu-

304 3602 381 3672 tem,
398 3603 460 3663 etc.

341 3700 442 3760 Novit
454 3699 511 3758 ille
528 3699 585 3775 qui
600 3713 718 3759 renum
734 3699 766 3761 et
776 3701 925 3762 cordium
941 3703 991 3764 est
1003 3719 1099 3764 scru-

189 3799 196 3804 ’
303 3794 401 3867 tator,
427 3793 525 3870 quod,
542 3795 694 3870 quotiens
710 3811 749 3856 ea
764 3797 859 3857 nohis
877 3799 917 3858 de
933 3799 1000 3858 tuis
1015 3801 1099 3860 acti-

303 3891 365 3951 bus
379 3891 570 3952 1111111111
592 3907 665 3968 quae
689 3893 810 3952 famam
827 3895 1015 3954 serenitatis
1030 3897 1097 3956 tuae

303 3987 480 4063 denigrant
509 3987 596 4064 apud
625 3987 775 4048 homines
802 3991 835 4050 et
860 3991 1097 4052 conscientiam

338 4161 377 4232 (1)
399 4163 564 4220 ilenricum.
604 4163 645 4236 (1)
662 4163 847 4223 bichardum.

339 4236 379 4308 (3)
400 4235 542 4301 Quantum
565 4237 739 4291 Francorum
757 4238 844 4292 armis
863 4234 999 4294 obfuisset
1018 4237 1093 4294 Guil-

301 4304 405 4362 lelmus
429 4305 581 4374 hmanevi,
607 4305 829 4377 Burdegalensis
854 4307 1095 4380 archiepiscopus,

303 4391 358 4448 quo
373 4383 500 4447 temporo
516 4391 564 4431 111
580 4376 739 4432 Ludovicus
759 4377 964 4434 pictaviensem
981 4379 1095 4460 provin·

301 4449 376 4503 olam
395 4461 477 4502 suum
502 4448 531 4502 in
552 4444 710 4502 dominium
733 4450 880 4504 restituere
901 4455 1095 4516 constituerat,

301 4521 497 4588 quamamque
511 4515 626 4572 domino
641 4531 694 4572 suo
712 4517 870 4588 hagiorum
886 4517 947 4589 regi
965 4517 1048 4574 fidem
1069 4527 1097 4574 et

301 4584 438 4656 obsequia
462 4587 654 4656 prestitisset,
676 4587 860 4667 intelligimus
882 4601 916 4642 ex
938 4587 1038 4643 litteris
1061 4587 1096 4644 ab

302 4655 404 4783 eodem
420 4654 455 4712 ad
470 4656 583 4782 {nolim
602 4669 701 4726 regem
718 4654 800 4723 datis,
822 4655 898 4728 apud
910 4656 962 4712 th.
980 4659 1094 4729 llymer,

300 4733 321 4782 t.
356 4741 420 4796 ,pa
447 4769 453 4782 .
541 4740 547 4780 :

338 4818 349 4845 ‹
368 4741 562 4852 lllusgtrissimo
577 4803 605 4852 et
619 4795 802 4852 serenissimo
814 4795 875 4852 vtro
891 4797 1023 4864 henrico,
1044 4797 1096 4854 Dei

322 4867 404 4934 retia,
421 4867 483 4937 regi
498 4866 694 4937 hugtimetc,
711 4867 879 4934 willelmus,
890 4866 989 4923 eadem
1003 4869 1094 4939 gratia

300 4881 397 4994 Ilerda
420 4936 527 4992 atensis
540 4936 781 5017 archiepiscopus,
799 4939 919 4994 salutem
934 4945 963 4994 et
976 4937 1012 4994 de
1033 4937 1096 4996 hos·

298 5007 374 5064 tibus
399 4951 591 5085 {caldararum
618 5007 766 5063 victoriam
794 5021 877 5078 posse
906 5023 970 5064 cum
1003 5009 1093 5080 gloria

299 5077 438 5134 obtinere.
471 5077 611 5148 hiaJestati
640 5083 741 5132 vestrm
765 5091 815 5148 per
842 5077 950 5135 litteras
982 5085 1095 5136 nostras

299 5149 479 5220 significasse
499 5146 693 5212 meminimus
710 5147 796 5218 quod,
816 5161 881 5203 cum
901 5149 969 5204 olim
991 5149 1094 5206 nobilis

297 5219 342 5274 vir
364 5221 491 5274 loannes
516 5217 552 5273 de
581 5219 720 5274 Beumout
748 5231 799 5288 pro
826 5232 895 5289 rege
921 5221 1092 5274 Francorum

298 5296 396 5345 contra
416 5295 520 5344 terram
539 5295 663 5344 vestram
683 5301 748 5344 cum
775 5289 898 5344 maxima
916 5287 1094 5345 multitudine

298 5359 420 5416 militum
434 5356 605 5424 advenisset,
626 5357 707 5414 nobis
729 5372 763 5413 ex
780 5364 859 5429 parte
878 5359 955 5429 regis
968 5360 1094 5415 Francia

298 5429 375 5486 idem
395 5431 520 5486 loannes
551 5428 705 5483 niaximum
732 5427 832 5484 obtulit
853 5429 980 5498 pecuniae
1001 5443 1091 5500 quan·

298 5501 424 5567 atatem,
451 5497 583 5554 eamdem
614 5498 801 5570 personaliter
828 5497 991 5556 deserendo.
1026 5501 1093 5556 Pro·

299 5570 376 5628 misit
405 5569 491 5626 etiam
518 5567 601 5626 nobis
625 5570 750 5626 loannes
774 5568 925 5642 praedictus
948 5567 1037 5640 quod,
1068 5569 1093 5626 si

299 5647 409 5712 partem
430 5639 508 5712 regis
528 5639 654 5698 Francius
681 5639 822 5697 sustinere
840 5640 976 5696 vellemus
989 5640 1094 5712 pariter

1157 499 1324 562 maculant
1334 499 1420 577 apud
1431 501 1546 572 Deum,
1562 499 1655 562 tanto
1670 499 1787 562 lortius
1802 497 1959 562 contris·

1156 597 1276 670 tamur,
1296 598 1419 674 quanto
1432 597 1713 673 magnificentiam
1729 598 1818 658 tuam
1835 598 1958 658 since-

1920 339 1963 398 88

1157 694 1256 754 rioris
1277 695 1427 756 caritatis
1451 693 1598 754 brachiis
1611 693 1852 769 amplexamur.
1871 694 1958 752 Cum
2057 717 2058 726 2

1157 791 1260 865 igitur
1292 791 1496 868 temporibus
1535 791 1667 867 inclytae
1709 789 1959 852 recordationis

1157 887 1404 962 progenitorum
1418 893 1549 948 tuorum
1564 888 1598 948 in
1612 903 1717 962 regno
1732 887 1886 948 Franciae
1901 885 1959 946 oh-

1158 985 1324 1044 servatum
1340 985 1435 1060 quasi
1451 1001 1510 1062 pro
1525 985 1599 1059 lege
1620 984 1722 1044 fuerit
1738 983 1779 1044 ab
1799 985 1955 1060 antiquo,

1157 1080 1254 1156 quod,
1271 1081 1350 1141 llcet
1367 1083 1456 1144 inter
1469 1083 1560 1157 ipsos
1575 1097 1618 1142 11
1637 1081 1730 1157 parte
1745 1097 1822 1152 una,
1842 1082 1877 1142 et
1893 1097 1956 1141 re·
2056 1061 2058 1098 ¹

1156 1193 1214 1252 ges
1234 1194 1273 1238 ac
1288 1179 1455 1254 principes
1479 1179 1669 1240 convicinos
1684 1194 1727 1238 ex
1746 1179 1864 1248 altera,
1882 1178 1959 1238 dis-

1157 1275 1367 1336 sensionibus
1389 1277 1488 1354 atque
1515 1276 1657 1351 guerris,
1681 1276 1862 1350 instigante
1888 1276 1957 1335 hu-

1156 1372 1244 1432 mani
1265 1373 1398 1447 generis
1412 1372 1560 1440 inimico,
1577 1371 1734 1441 subortis,
1751 1387 1824 1432 sese
1838 1373 1956 1448 gravi·
2057 1403 2058 1452 p

1155 1468 1206 1528 111
1227 1469 1268 1529 ad
1289 1471 1432 1530 invicem
1446 1469 1652 1540 infestarent,
1675 1469 1822 1545 praelatis
1837 1470 1954 1530 tamen

1156 1565 1189 1626 et
1202 1566 1334 1628 clericis
1350 1569 1516 1626 terrarum
1537 1567 1686 1642 ipsorum
1707 1566 1849 1626 liberum
1862 1565 1955 1628 esset

1155 1663 1196 1723 ad
1207 1679 1322 1738 regum
1336 1664 1417 1724 illud
1432 1680 1452 1724 a
1472 1665 1611 1726 Domino
1626 1663 1833 1724 benedictum
1847 1679 1953 1724 acce-

1155 1759 1233 1820 dere
1261 1761 1351 1821 etin
1376 1777 1415 1820 eo
1437 1761 1526 1822 111111
1551 1761 1766 1833 commorari3
1789 1763 1837 1831 tu,
1863 1760 1954 1820 sicut

1155 1873 1262 1932 nuper
1282 1858 1501 1920 avenerabili
1516 1857 1618 1918 tratre
1641 1860 1755 1918 nostro
1777 1857 1953 1932 Burdega-

1154 1954 1239 2014 lensi
1264 1954 1514 2031 archiepiscopo
1541 1955 1729 2030 accepimus
1760 1955 1949 2026 intimante,

1154 2052 1320 2112 nescimus
1344 2068 1483 2128 quorum
1499 2053 1653 2112 seductus
1668 2051 1827 2122 consiliis,
1844 2064 1950 2112 occa·
2057 2045 2058 2052 '

1154 2149 1247 2208 sione
1263 2149 1436 2209 dIscordiae
1452 2165 1525 2226 quae
1547 2149 1636 2210 inter
1655 2150 1686 2210 te
1702 2165 1745 2210 11
1759 2149 1852 2224 parte
1867 2165 1948 2220 una,

1154 2247 1187 2306 et
1212 2246 1420 2306 carissimum
1445 2247 1482 2306 in
1509 2246 1639 2306 Christo
1666 2245 1771 2306 illium
1794 2247 1950 2307 nostrum

1154 2345 1194 2402 H.
1210 2341 1257 2422 (1)
1272 2343 1436 2404 illustrem
1450 2359 1563 2418 regem
1577 2343 1705 2418 Angliae
1719 2343 1752 2404 et
1766 2346 1804 2404 R.
1825 2341 1872 2421 (2)
1883 2342 1950 2402 sra-

1153 2441 1238 2501 trem
1253 2456 1348 2500 suum
1363 2455 1406 2501 11
1427 2440 1543 2512 altera,
1565 2441 1709 2517 peccatis
1725 2439 1946 2515 exigentibus,

1154 2538 1205 2598 est
1216 2535 1362 2608 suborta,
1378 2537 1485 2598 eidem
1501 2553 1542 2598 ne
1556 2538 1680 2598 terram
1690 2538 1780 2598 tuam
1793 2537 1945 2608 intraret,

1154 2650 1213 2710 per
1227 2637 1302 2695 tuas
1324 2635 1453 2696 litteras
1471 2633 1669 2696 mandavisti
1695 2649 1755 2710 pro
1774 2633 1949 2695 111111111-

1152 2732 1203 2792 rio
1230 2731 1421 2793 voluntatis

1195 2829 1362 2890 Praeterea
1377 2829 1510 2907 quidam
1524 2829 1627 2891 balivi
1641 2829 1690 2890 tui
1701 2829 1862 2907 quasdam
1874 2844 1948 2905 pos·

1153 2925 1318 2988 sessiones
1345 2927 1378 2988 et
1397 2927 1546 2989 redditus
1576 2927 1724 3004 ejusdem
1755 2927 1945 3003 archiepis-

1153 3023 1237 3099 copi,
1255 3039 1321 3083 non
1337 3023 1409 3084 sine
1424 3023 1635 3085 conniventia
1645 3025 1701 3084 tua
1712 3023 1798 3084 sicut
1811 3023 1943 3095 dicitur,

1153 3120 1439 3196 contrajustitiam
1451 3121 1664 3196 occuparunt.
1674 3119 1946 3197 Adjecitinsuper

1152 3217 1383 3294 quodquidam
1397 3218 1547 3278 homines
1559 3217 1679 3278 nobilis
1691 3217 1754 3278 viri
1769 3217 1944 3278 senescalli

1153 3313 1755 3390 1111111111111111111111111111
1782 3313 1887 3390 ipsius
1910 3313 1945 3374 in

1153 3413 1224 3486 ejus
1240 3412 1417 3487 prasentia
1432 3411 1579 3486 gravIter
1592 3411 1832 3483 vulnerarunt,
1858 3411 1944 3471 alias

1152 3507 1252 3567 iidem
1268 3507 1445 3582 etquidem
1460 3507 1519 3566 alii
1531 3507 1634 3567 balivi
1644 3507 1693 3568 tui
1702 3523 1802 3583 super
1811 3508 1942 3578 castris,

1152 3605 1262 3676 terrie,
1273 3603 1538 3680 possessionibus
1549 3606 1582 3664 et
1590 3604 1687 3664 rebus
1698 3604 1826 3664 aliisad
1836 3589 1943 3681 ipsum

1152 3702 1185 3761 et
1199 3701 1374 3761 ecclesiam
1394 3700 1674 3776 Burdegalensem
1694 3701 1942 3778 spectantibus,

1151 3813 1227 3858 eum
1242 3795 1388 3858 indebite
1403 3797 1607 3858 molestando
1624 3796 1684 3876 (3).
1908 3801 1913 3810 ’

1192 3895 1277 3954 Hinc
1292 3894 1438 3970 estquod
1452 3895 1683 3955 excellentiam
1698 3894 1826 3969 regiam
1840 3909 1942 3969 roga-

1153 4007 1238 4064 mus,
1255 4007 1425 4052 monemus
1438 3991 1596 4052 attentius
1612 3992 1645 4052 et
1664 3991 1846 4064 hortamur,
1862 4007 1944 4068 qua-

1151 4173 1179 4224 et
1202 4166 1309 4234 lovere,
1329 4165 1412 4223 nobis
1430 4168 1591 4238 assignaret
1610 4174 1638 4224 et
1658 4165 1799 4224 conterret
1818 4165 1945 4224 redditus

1150 4244 1349 4308 competentes
1363 4237 1444 4293 nobis
1461 4245 1489 4294 et
1499 4237 1710 4294 successoribus
1722 4239 1826 4294 nostris
1836 4239 1864 4294 in
1877 4253 1941 4320 per-

1152 4314 1268 4378 petuum
1285 4307 1487 4378 possidendum
1504 4315 1636 4378 parentes
1649 4315 1761 4364 nostros
1775 4315 1803 4364 et
1813 4307 1944 4364 hommes

1151 4377 1221 4433 mihi
1265 4377 1386 4433 ratiosos
1402 4377 1580 4446 suhlirnaret;
1602 4384 1631 4434 et
1649 4379 1673 4434 si
1693 4378 1764 4433 iorte
1784 4377 1889 4448 aliquid
1908 4379 1944 4435 de

1151 4393 1307 4504 redditIuis
1323 4447 1428 4504 nostris
1443 4449 1487 4502 vel
1507 4447 1612 4518 aliquid
1622 4449 1724 4504 alicubi
1739 4449 1945 4515 amitteremus,

1150 4518 1248 4583 omnia
1271 4517 1417 4588 deperdita
1445 4517 1527 4574 nobis
1550 4533 1601 4574 111
1628 4519 1754 4574 Francia
1778 4519 1943 4586 resarcirem

1149 4595 1177 4643 et
1189 4603 1222 4644 su
1245 4603 1276 4643 cr
1292 4587 1346 4643 hoc
1358 4603 1425 4644 suas
1442 4595 1573 4658 patentes
1593 4588 1699 4644 litteras
1716 4587 1798 4645 nobis
1813 4589 1903 4656 daret,
1917 4597 1946 4646 et

1149 4603 1331 4713 benesstccret
1352 4673 1405 4714 nos
1422 4673 1548 4714 securos.
1571 4659 1631 4714 Nos
1654 4671 1721 4714 vero
1743 4673 1794 4729 pro
1813 4659 1894 4715 vobis
1916 4667 1945 4716 et

1149 4726 1233 4784 tratre
1253 4735 1347 4784 vestro
1367 4729 1464 4784 omnia
1485 4729 1655 4800 respuimus,
1677 4735 1706 4785 et
1727 4728 1796 4786 nihil
1815 4730 1943 4802 recipere

1148 4799 1291 4854 voluimus
1306 4799 1382 4854 nullo
1400 4798 1495 4854 niodo.

1186 4869 1274 4924 ‹Die'
1299 4883 1367 4924 vero
1396 4869 1537 4940 sequenti,
1561 4867 1644 4925 nobis
1667 4865 1803 4939 quasdam
1835 4869 1944 4927 litteras

1150 4939 1335 5020 Francigenae
1356 4939 1526 5005 detulerunt,
1556 4939 1586 4994 in
1610 4938 1714 5010 quibus
1750 4940 1843 5008 (11111
1862 4939 1942 4997 vohis

1148 5009 1331 5065 meminimus
1357 5024 1409 5066 nos
1437 5009 1596 5080 scripsisse)
1625 5024 1675 5066 rex
1709 5009 1835 5066 Francius
1859 5011 1941 5068 nobis

1147 5077 1300 5135 districtius
1313 5078 1478 5150 prohibebat
1504 5095 1540 5134 ne
1552 5086 1655 5136 torrem
1672 5093 1752 5135 suam
1764 5080 1943 5151 aliquatenus

1147 5149 1326 5215 intraremus,
1340 5155 1368 5204 et
1380 5164 1416 5204 ne
1431 5150 1460 5205 in
1475 5156 1549 5204 terra
1567 5163 1617 5206 sua
1636 5163 1689 5205 nos
1706 5148 1823 5206 auderet
1838 5149 1941 5222 aliquis

1147 5227 1302 5291 receptare.
1318 5221 1353 5276 m
1369 5221 1511 5290 cumipse
1529 5218 1583 5274 sibi
1603 5220 1661 5291 jam
1683 5217 1741 5276 1111
1761 5226 1847 5276 totam
1872 5236 1938 5278 nos·

1147 5295 1219 5346 tram
1236 5289 1409 5361 provinciam
1429 5291 1625 5362 subjugasset,
1647 5289 1734 5344 multa
1755 5291 1938 5350 incommoda

1147 5361 1223 5430 passi
1251 5373 1360 5426 sumus,
1382 5367 1411 5415 et
1435 5359 1527 5416 adhuc
1549 5361 1635 5415 etiam
1662 5359 1845 5428 sustinemus,
1873 5363 1938 5432 quia

1146 5437 1252 5495 castra,
1269 5430 1408 5498 civitates,
1425 5431 1505 5487 villas
1520 5445 1590 5502 quas
1608 5431 1794 5502 Francigeura
1811 5429 1939 5490 detinent

1146 5500 1324 5572 subjugatas,
1342 5499 1447 5556 intrare
1467 5501 1609 5556 ullatenus
1626 5515 1682 5556 noa
1698 5499 1851 5570 audemus3
1872 5503 1935 5558 red-

1146 5569 1220 5626 ditus
1234 5571 1321 5626 etiam
1335 5577 1446 5627 nostros
1458 5569 1533 5643 apud
1546 5571 1692 5642 Rupellam
1707 5569 1835 5628 detinent
1849 5586 1935 5644 supe·

1146 5647 1234 5708 ratos,
1255 5653 1326 5712 quos
1347 5639 1428 5698 nobis
1448 5655 1593 5713 nunquam
1613 5641 1760 5698 restituere
1776 5639 1936 5712 voluerunt,
