4114 6322
287 321 346 383 us

586 487 782 574 CLXVIII

287 643 339 704 Ad
351 643 390 702 G.
406 642 698 710 archidiaconum,
716 638 926 714 marisiacum
945 640 985 698 R.
1002 639 1085 701 suo-

326 739 586 799 thesaurarium
605 740 805 808 racemum,
827 735 861 796 ct
879 737 1084 798 coenaticum

327 837 368 896 de
389 837 465 896 Vico
482 835 684 896 Meteuscm.

578 974 611 1030 il
625 972 697 1043 junii
713 971 793 1030 inti.

303 1105 425 1172 [Rapaci.
439 1105 487 1156 lib.
506 1107 539 1164 X,
553 1105 627 1170 epist.
644 1103 700 1155 348.
718 1105 775 1154 ilss.
791 1103 828 1154 La
841 1103 918 1153 Porta
928 1101 961 1152 du
974 1101 1068 1166 rnen]

288 1230 404 1292 Mandat
420 1231 463 1288 eis
477 1238 509 1288 ut
522 1233 565 1298 13,
581 1231 687 1288 clerico
703 1229 833 1302 pauperi,
856 1226 1039 1300 prebendam
1054 1228 1084 1285 in

324 1321 445 1378 ecclesis
459 1320 579 1378 betensi
590 1320 669 1392 juxta
680 1317 807 1380 mundati
818 1315 975 1389 apostolici
985 1313 1085 1374 dehoc

319 1407 381 1482 iam
393 1408 452 1468 deti
468 1415 596 1468 mucram
610 1405 715 1466 iaciant
730 1406 882 1484 assignari.

328 1551 509 1624 Honorius,
526 1553 601 1624 etc,
618 1549 748 1612 dilectis
768 1549 847 1610 filiis
862 1552 900 1609 a.
914 1547 1086 1610 archidia-

289 1663 375 1712 cono
398 1651 431 1710 et
457 1650 617 1724 magistro
645 1650 683 1708 R.
708 1646 982 1708 subthesaurario
1000 1645 1084 1705 Tul-

289 1745 387 1817 lensi,
412 1747 445 1807 et
477 1747 520 1818 J.,
549 1745 710 1806 canonico
739 1744 900 1812 device,
927 1742 1084 1804 Maiensis

193 1915 201 1923 ‚
288 1843 454 1914 dioecesis,
472 1843 624 1914 salutem,
639 1843 700 1903 etc.

330 1940 477 2002 Dilectus
492 1939 581 2000 tilius
595 1942 645 2010 B„
662 1953 790 2016 pauper
802 1937 955 2008 clericus,
970 1951 1087 2013 propo·

289 2037 357 2098 suit
367 2053 478 2098 coram
490 2037 597 2108 nobis,
610 2035 696 2112 quod
707 2051 782 2094 curn
791 2035 870 2094 olim
880 2033 1085 2094 dedissemus

288 2135 431 2196 Metensi
442 2133 587 2210 capitulo
598 2147 658 2209 per
667 2133 799 2194 nostras
812 2131 940 2194 litteras
951 2132 986 2192 in
995 2145 1087 2192 men·

290 2231 388 2303 datis,
405 2231 441 2291 ut
455 2230 574 2302 eidem,
590 2231 648 2308 qni
663 2229 834 2292 dicebatur
851 2229 885 2288 in
901 2245 1015 2290 eorum
1030 2243 1087 2290 eo-

290 2325 1087 2390 clesiaservivisseabadolescentiasuatideliter

289 2425 324 2486 et
346 2425 474 2498 devote,
498 2425 533 2485 in
558 2423 761 2502 praebendali
785 2423 837 2484 vel
864 2423 931 2484 alio
953 2439 1087 2499 compc-

289 2522 372 2585 tenti
398 2521 625 2586 ecclesiastico
659 2521 821 2582 beneflcio
859 2520 1083 2598 providerent,

290 2619 378 2680 idem
391 2619 535 2681 clericus
550 2619 591 2680 ad
607 2619 798 2680 suasionem
814 2617 1033 2694 quorumdam
1045 2617 1085 2678 de

290 2715 363 2792 ipso
387 2717 544 2793 capitulo,
570 2717 627 2792 qui
650 2715 747 2794 proni
773 2715 814 2776 ad
838 2715 1085 2791 exsequendum

290 2813 482 2876 mandatum
496 2813 721 2891 apostolicum
741 2812 948 2883 videbantur,
964 2827 1000 2873 se
1020 2829 1084 2874 vo-

290 2911 412 2974 lantati
441 2927 483 2972 ac
517 2909 728 2988 dispositioni
769 2910 918 2988 ejusdem
947 2909 1085 2986 capituli

290 3025 391 3085 super
406 3009 596 3087 hujusmodi
612 3007 803 3086 provisione
818 3006 995 3068 commisit.
1009 3006 1086 3068 Gol-

289 3104 369 3167 latis
383 3121 463 3168 vero
478 3107 554 3168 aliis
576 3105 773 3182 quibusdam
793 3103 990 3180 praebendis,
1012 3120 1085 3180 quas

290 3201 425 3263 interim
437 3202 472 3262 in
484 3202 558 3278 ipsa
570 3201 713 3262 ecclesIa
725 3201 939 3271 vacaverunt,
955 3200 1085 3260 demum

290 3297 333 3360 ad
361 3297 537 3375 quamdam
566 3296 777 3374 praebendam
800 3298 880 3358 tnnc
914 3297 1085 3358 vacantem

290 3393 413 3458 ibidem
435 3411 455 3456 a
478 3395 598 3472 majori
623 3396 657 3456 et
678 3393 805 3456 saniori
831 3394 926 3470 parte
948 3393 1086 3470 capituli

290 3491 415 3554 electus
440 3492 504 3554 tuit
530 3493 566 3554 in
593 3491 791 3554 canonicum
816 3491 908 3553 etin
936 3490 1084 3559 tratrem,

290 3590 486 3666 quibusdam
506 3589 546 3650 de
563 3589 636 3666 ipso
657 3589 803 3665 capitulo
823 3589 857 3650 et
877 3604 1029 3662 numero,
1052 3591 1086 3652 et

290 3687 410 3748 merito
430 3687 654 3764 paucioribus,
674 3685 869 3762 magistrum
891 3689 930 3748 R.
955 3686 1086 3748 scolas-

289 3784 404 3856 ticum,
417 3785 450 3846 et
463 3783 685 3848 camerarium
700 3783 942 3846 virdunensem
957 3783 991 3846 et
1004 3785 1087 3844 Tre-

290 3897 466 3942 verensem
513 3881 711 3942 canonicum
755 3879 1004 3942 nominantibus
1044 3879 1085 3940 ad

291 3977 457 4050 eamdem,
483 3976 641 4052 praedicto
666 3991 745 4051 ergo
770 3976 946 4038 scolastico
974 3977 1084 4054 irnpe-

290 4071 403 4136 diente
417 4087 459 4136 ne
471 4073 683 4150 praebendam
697 4073 804 4150 ipsam
818 4073 956 4150 pacifice
971 4075 1085 4150 possi-

290 4169 355 4242 det,
370 4170 464 4234 vobis
475 4171 519 4232 de
529 4172 782 4248 procuratorum
796 4171 1086 4248 utriusquepartis

290 4283 432 4330 assensu
445 4267 595 4330 dedimus
610 4268 645 4330 in
657 4269 822 4330 mandatis
837 4269 1034 4330 utsumdem
1044 4272 1084 4331 R.

290 4381 391 4442 super
405 4365 468 4428 boc
481 4365 523 4431 ab
536 4365 682 4428 indebita
698 4369 769 4444 ejus
786 4365 1018 4428 molestatione
1032 4366 1087 4428 de-

292 4461 421 4534 sistere,
439 4464 620 4526 monitione
634 4463 821 4542 pramisea,
835 4479 1086 4539 percensuram

291 4559 562 4631 ecclesiasticam,
579 4560 745 4620 mediante
755 4560 896 4636 justina,
909 4560 1084 4636 cogeretis.

290 4655 393 4718 Vobis
407 4657 518 4718 autern
540 4655 691 4726 eumdem
716 4658 755 4717 R.
774 4659 874 4733 juxta
894 4655 1086 4719 mandatum

290 4752 1086 4830 apostolicumcommonentibusutpraebendam

290 4849 397 4928 ipsam
423 4850 560 4926 pacifice
584 4850 770 4912 demitteret
795 4851 934 4927 pauperi
958 4867 1086 4912 memo·

901 317 1080 380 Honesti
1100 319 1147 379 111
1167 317 1317 380 OPERA.

1137 479 1256 538 cessat.
1281 479 1390 549 Quare
1410 477 1506 540 nobis
1529 477 1700 542 humiliter
1721 475 1949 553 supplicavit,
2047 493 2048 540 ῑ

1138 579 1174 635 ut
1188 590 1263 635 cum
1285 575 1401 635 contra
1416 574 1583 635 bominem
1604 575 1672 636 tam
1694 575 1860 650 potentem
1875 572 1949 632 ul-

1137 671 1242 732 terius
1261 672 1393 747 lltigare
1415 687 1482 732 non
1496 671 1610 748 possit,
1631 669 1755 731 diutins
1774 669 1949 745 fatigatus
2047 699 2048 712 2

1137 768 1307 830 laboribus
1324 771 1357 830 et
1376 770 1532 846 expensis
1550 770 1619 830 tam
1638 767 1825 845 paupertati
1844 770 1945 844 ejus,
2047 767 2048 774 ’

1138 881 1237 943 quam
1264 866 1399 926 utilitati
1431 867 1590 927 Metensis
1628 865 1780 925 ecclesia
1815 865 1948 924 contra

1138 963 1237 1024 unius
1251 962 1328 1041 (stc)
1342 963 1452 1024 oiticio
1464 979 1524 1040 per
1534 961 1808 1040 inquietationem
1820 961 1949 1036 hujus·

1138 1061 1226 1120 modi
1242 1060 1468 1132 defraudatur,
1482 1062 1621 1138 paterna
1633 1060 1851 1133 dignaremur
1865 1058 1948 1117 sol-

1139 1157 1312 1220 licitudine
1338 1157 1525 1236 providere.
1558 1157 1702 1236 ideoque
1740 1151 1946 1216 discretioni

1138 1255 1259 1318 vestrae
1282 1271 1342 1334 per
1362 1255 1553 1332 apostolica
1579 1254 1703 1332 scripta
1724 1252 1942 1320 mandamus,

1139 1353 1316 1429 quatenus,
1334 1352 1364 1412 si
1379 1352 1561 1428 praemissis
1576 1352 1701 1414 verItas
1716 1349 1942 1426 suffragatur,

1139 1450 1227 1512 dicto
1244 1450 1382 1526 pauperi
1406 1446 1618 1526 praebendam
1642 1447 1819 1522 assignetis
1841 1460 1944 1506 eam-

1139 1547 1224 1620 dem,
1246 1547 1422 1610 dummodo
1447 1545 1478 1606 ei
1502 1545 1627 1624 aliquid
1645 1543 1846 1606 rationabile
1866 1557 1942 1602 non

1139 1645 1289 1716 obsistat,
1307 1646 1340 1705 et
1352 1643 1484 1704 faciatis
1497 1644 1605 1722 Ipsum
1618 1645 1691 1720 ejus
1704 1641 1843 1720 pacifica
1855 1654 1942 1718 pos-

1140 1743 1288 1804 sessione
1303 1741 1459 1818 gandere,
1482 1740 1743 1802 contradictione
1758 1737 1838 1798 dicti
1857 1736 1937 1813 pri-

1140 1839 1269 1900 micerii
1298 1837 1552 1909 nonobstante,
1579 1853 1653 1898 curn
1678 1835 1851 1910 iudignum
1875 1833 1936 1907 sit,

1140 1939 1177 1999 ut
1191 1953 1341 2016 personae
1357 1937 1508 2014 pluribus
1523 1935 1707 1996 redditibus
1727 1931 1938 1994 abundantes

1140 2028 1937 2112 pauperesclericossuperminoribusbeneliciis

1141 2132 1334 2210 iuquietent.
1351 2133 1465 2194 Testes
1480 2135 1600 2202 aulem,
1619 2131 1680 2191 etc.
1697 2129 1816 2189 Datum
1828 2127 1935 2188 Late·

1140 2231 1226 2306 rani,
1240 2231 1301 2292 Xll
1315 2229 1475 2290 kalendas
1487 2229 1586 2306 junii,
1601 2241 1689 2288 anno
1704 2225 1841 2288 decimo

1460 2477 1612 2564 CLXIX

1199 2633 1251 2694 Ad
1271 2633 1408 2692 iconem
1428 2631 1639 2704 episcopum,
1661 2625 1694 2688 et
1712 2625 1869 2690 abbatem

1449 2730 1491 2788 dc
1509 2728 1622 2788 Limo.

1429 2857 1464 2916 ᾖ
1475 2856 1549 2929 junii
1564 2855 1644 2917 ltro.

1310 2979 1501 3046 [nellemburg.
1525 2977 1652 3038 iirkund,
1665 2976 1685 3035 1,
1694 2975 1762 3040 ³20]

1140 3098 1176 3155 Ut
1197 3103 1333 3154 moneant
1355 3095 1520 3162 ilenricum,
1545 3093 1680 3150 comitem
1699 3089 1735 3148 de
1754 3089 1878 3158 zuerin,
1904 3093 1937 3145 ut

1174 3184 1306 3242 vassallis
1319 3182 1505 3252 waldemari,
1522 3182 1601 3254 regis
1617 3179 1725 3250 Dente,
1747 3179 1873 3236 remittat
1884 3177 1932 3250 ju·

1175 3279 1316 3330 ramenta.

1233 3398 1375 3478 Ideoque
1398 3395 1604 3468 mandamus,
1628 3395 1790 3472 quatenus
1809 3391 1934 3454 dictum

1141 3497 1304 3567 comitem,
1322 3496 1359 3558 ut
1382 3493 1530 3572 praelatis
1558 3492 1638 3554 dicti
1665 3491 1754 3567 regis
1773 3489 1931 3551 vassallis

1140 3593 1288 3655 remittat
1318 3591 1510 3668 hujusmodi
1531 3589 1742 3667 jnramenta,
1770 3585 1934 3648 moneatis

1141 3691 1321 3767 prudenter
1342 3691 1375 3750 et
1400 3687 1581 3750 citicaciter
1609 3685 1793 3757 inducatis,
1822 3685 1932 3760 ipsum

1141 3787 1257 3860 adid,
1284 3787 1312 3847 si
1333 3786 1467 3848 monitis
1493 3784 1707 3862 acquiescere
1736 3797 1803 3843 non
1829 3795 1933 3841 cura-

1140 3885 1237 3958 verit,
1260 3899 1517 3961 percensuram
1541 3880 1802 3946 ecclesiasticam
1819 3875 1936 3954 appel·

1140 3983 1265 4044 latione
1279 3981 1462 4058 postposita
1475 3977 1724 4058 compescendo.
1740 3977 1859 4038 Datum
1874 3975 1934 4034 La·

1140 4081 1260 4153 terani,
1275 4082 1320 4141 VI
1332 4077 1400 4139 kal.
1413 4077 1502 4155 julii,
1520 4092 1608 4138 enno
1622 4075 1763 4136 decimo.

1472 4309 1604 4397 CLXX

1238 4463 1289 4522 Ad
1313 4462 1568 4523 Watdcmarum
1586 4471 1705 4533 repom
1719 4457 1850 4518 Douicc.

1436 4589 1471 4647 io
1483 4587 1555 4662 jilllii
1571 4587 1649 4645 itio.

1265 4713 1446 4782 [lleklcnburg.
1460 4711 1585 4768 Urkuud„
1604 4713 1624 4770 l,
1634 4709 1690 4766 3²1,
1704 4722 1729 4758 n.
1740 4707 1808 4772 322]

1166 4832 1239 4890 Eum
1255 4829 1376 4888 absolvit
1388 4830 1561 4902 juramento,
1578 4824 1653 4898 quod
1665 4824 1701 4880 eb
1713 4837 1748 4880 eo
1761 4821 1911 4890 llenrlcus,

1310 4932 1408 4977 comcs
1420 4914 1455 4976 de
1468 4914 1580 4977 Zwerin
1595 4919 1762 4970 extorserat.

1875 317 1952 378 116
2047 295 2048 378 i

290 4947 376 5020 rato,
386 4947 493 5008 dictus
504 4949 556 5018 R„
569 4948 930 5025 pendentebujnsmodi
939 4950 1084 5025 negotio,

292 5059 404 5106 coram
430 5043 526 5106 vobis
561 5043 687 5105 electus
716 5045 767 5106 est
799 5045 1020 5121 primicerius,
1052 5046 1088 5107 et
1181 5043 1302 5106 Petilio
1327 5043 1383 5106 tua
1408 5041 1504 5106 nobis
1535 5039 1684 5102 exhibita
1720 5033 1932 5108 continebat,

292 5143 400 5218 major
414 5139 670 5204 archidiaconus
687 5141 837 5202 eeclesias
852 5141 1085 5214 Virduuensis,
1141 5142 1247 5218 quod,
1280 5157 1356 5204 cam
1380 5139 1546 5204 Henricus
1574 5153 1686 5199 comes
1713 5135 1753 5198 de
1781 5133 1931 5204 Zverin,

292 5238 349 5316 qui
381 5237 459 5298 licet
491 5238 764 5314 primiceriatum,
802 5239 1085 5311 archiaconatum,
1141 5238 1306 5300 vassallus
1325 5239 1413 5306 tuus,
1440 5236 1472 5300 te
1495 5233 1637 5310 cepisset
1654 5233 1689 5294 et
1707 5230 1837 5294 teneret
1857 5244 1935 5292 car-

292 5335 501 5398 scolasticam
524 5337 557 5398 et
579 5337 798 5398 camerariam
818 5338 853 5397 in
873 5337 946 5414 ipsa
965 5337 1088 5398 Virdu-
1142 5336 1210 5396 ceri
1231 5335 1504 5410 mancipatum‚a
1527 5333 1560 5392 ie
1577 5329 1801 5406 Juramentum
1816 5327 1934 5387 extor-
2010 5317 2013 5324 ’

292 5432 388 5495 nensi
404 5432 557 5504 ecclesia,
573 5432 653 5494 etin
668 5434 864 5495 Treverensi
877 5433 1087 5510 praebendam
1143 5433 1197 5504 sit,
1215 5430 1301 5509 quod
1323 5432 1354 5491 ei
1377 5431 1524 5490 solveres
1548 5427 1723 5504 quemdam
1741 5440 1809 5484 non
1824 5423 1935 5484 modi-

292 5531 443 5594 obtinere
478 5532 646 5601 noscatur,
688 5531 796 5594 adbuc
832 5533 944 5594 tamen
978 5532 1088 5610 ipsum
1143 5529 1380 5606 carnpecuniae
1401 5525 1620 5604 quantitatem
1642 5520 1936 5585 acinterimfilios

294 5645 394 5707 super
410 5631 478 5709 jam
502 5629 589 5693 dicta
611 5629 788 5708 praebenda
811 5630 997 5709 inquietare
1021 5645 1087 5692 non
1142 5628 1217 5689 tuos
1232 5625 1362 5688 obsides
1371 5625 1402 5688 ei
1413 5623 1521 5686 dares.
1533 5625 1641 5695 Quare
1655 5618 1752 5682 nobis
1764 5619 1937 5681 humiliter
