4114 6322
279 294 338 356 187
892 285 1069 350 aenean
1089 285 1136 348 111
1155 285 1305 348 OPERA.
1859 290 1936 354 188

278 451 385 524 decet,
411 449 542 517 vultum
563 449 597 510 ei
619 447 767 510 animum
793 443 965 508 curaveris
987 459 1075 511 sere
1123 445 1267 523 lumina,
1278 446 1312 508 et
1321 445 1400 519 alia,
1409 446 1533 524 quaead
1542 447 1687 510 vestram
1701 449 1877 514 utilitatem
1892 450 1937 510 et

222 577 237 594 ·
279 565 373 612 nare.
390 547 622 610 Desiderautes
635 561 715 622 ergo
728 544 826 616 hanc,
843 543 938 622 quasi
956 559 1074 622 quam-
1127 543 1402 622 tranquillitatem
1414 545 1582 622 pertinent
1594 545 1721 607 utiliter
1733 547 1933 624 provideri3

281 647 355 708 dam
380 645 547 712 nebulam,
565 643 649 706 atui
665 642 844 704 serenitate
859 641 1003 702 nominis
1018 656 1075 702 re·
1127 641 1231 702 totum
1242 643 1489 718 patrimonium,
1499 642 1585 720 quod
1596 641 1697 704 habet
1707 645 1938 706 RomanaEc-

279 757 423 814 movere,
447 757 485 804 ac
501 741 600 804 simul
621 756 680 818 pro
696 740 805 816 ipsius
815 740 927 800 Terrae
943 737 1073 800 Sauctae
1128 737 1231 799 clesia
1246 754 1266 799 a
1280 739 1487 810 Radicoiauo
1497 756 1602 818 usque
1618 742 1769 812 Romam,
1783 742 1937 818 excepta

271 833 439 910 'subsidia
459 838 514 900 cui
526 839 583 900 tua
599 839 632 901 et
647 835 794 915 ejusdem
811 836 902 912 regis
922 833 1075 896 reccuci-
1128 834 1506 910 marchiaAucouitana,
1519 837 1642 902 ducatu
1652 838 1791 918 Spoleti,
1805 841 1933 909 Reate,

279 936 373 998 liatio
389 937 440 998 est
458 935 638 1014 plurimum
652 933 854 1006 necessaria,
872 931 1072 1008 satagentes,
1129 947 1168 992 ac
1185 932 1333 1004 sabinia,
1349 949 1449 1014 curae,
1461 935 1630 1008 regimini,
1643 937 1678 996 et
1690 934 1849 998 custodiae
1864 935 1937 1010 ip-

279 1033 492 1096 screuitatem
516 1033 607 1096 tuam
636 1048 830 1100 monemus,
858 1044 1014 1104 rogamus
1042 1029 1076 1090 et
1130 1029 1200 1089 sius
1216 1029 1305 1105 regis
1326 1029 1482 1092 duximus
1502 1033 1783 1104 committendum,
1799 1033 1936 1094 tenen-

279 1130 491 1194 obsecramus
504 1131 539 1192 in
552 1130 691 1194 Domino
704 1132 722 1192 J
726 1145 785 1192 esu
801 1128 942 1198 Christo,
958 1127 1075 1204 postu·
1130 1127 1219 1198 dum,
1228 1127 1533 1200 custodiendum,et
1545 1130 1759 1200 servandum,
1766 1129 1939 1208 quamdiu

277 1227 385 1292 lantes
400 1243 610 1306 promunere
623 1225 772 1304 speciali,
792 1225 954 1306 quatenus
967 1227 1074 1284 tecum
1128 1217 1170 1285 de
1185 1227 1310 1296 nostra,
1339 1227 1372 1288 et
1396 1226 1552 1288 Ecclesiae
1578 1227 1736 1288 Romanae
1749 1225 1850 1290 suerit
1863 1243 1941 1290 vo-

277 1325 559 1406 ipserecogitans,
576 1322 1074 1406 quamahsurdumsit,iautum
1130 1319 1268 1394 laniate,
1292 1323 1489 1386 nominatim
1515 1323 1767 1398 Radicoianum,
1803 1327 1942 1388 Prece⁴

278 1425 312 1486 et
334 1423 437 1486 talem
464 1423 574 1484 viram
605 1419 779 1484 occasione
808 1419 983 1482 affinitatis
1008 1419 1075 1480 tuae
1130 1436 1219 1492 nam,
1252 1421 1556 1497 aquapendentem,
1585 1422 1934 1494 Montemllasconem,

277 1519 536 1596 magnificentiae
551 1518 704 1598 deprimi,
718 1534 792 1583 cum
806 1517 911 1578 solam
931 1514 1077 1578 lamllia-
1130 1519 1283 1589 Mariam,
1296 1519 1472 1580 valenien.
1503 1519 1660 1592 Insulam,
1686 1521 1828 1580 Martan.
1850 1533 1935 1580 cum

277 1619 413 1680 ritatem
438 1618 500 1682 tuae
523 1615 737 1680 sublimitatis
756 1615 905 1692 adeptos,
922 1627 983 1692 per
1002 1627 1075 1674 eam
1131 1613 1206 1676 aliis
1220 1613 1314 1685 locis,
1331 1631 1404 1692 quae
1418 1615 1458 1676 ab
1470 1615 1548 1677 olim
1565 1617 1935 1692 consueveruntjurrsa

278 1715 394 1778 deceat
404 1714 558 1786 exaltari,
568 1729 607 1776 ac
621 1712 807 1792 saepedictae
822 1713 934 1772 Terrae
946 1711 1075 1772 Sanctae
1131 1713 1269 1774 dictioni
1284 1713 1459 1774 castellani
1474 1713 1755 1799 Montisdascouis
1771 1711 1929 1787 subesse}

278 1811 454 1874 utilitatem
498 1809 693 1880 attendens,
731 1807 854 1875 dictum
898 1817 1011 1882 regem
1040 1806 1076 1868 in
1130 1806 1932 1888 Verall.Petroniam.salvisproventihusdilecto

277 1909 463 1986 imperialis
484 1909 601 1984 gratim
613 1905 851 1986 plenitudinem
871 1917 1074 1974 reassumaa
1130 1905 1202 1968 illio
1225 1909 1339 1968 nostro
1360 1905 1399 1969 R.
1420 1907 1550 1969 Sancta
1565 1910 1681 1970 Mariae
1700 1909 1735 1970 in
1749 1909 1931 1969 cosmedin

278 2023 420 2086 eumque
433 2005 493 2068 tibi
506 2006 555 2068 sic
573 2005 754 2068 eillceciter
766 2001 974 2072 reconcilies,
991 1999 1076 2078 quod
1132 2003 1272 2066 diacono
1292 2003 1455 2065 cardinali
1471 2007 1650 2078 concessis,
1667 2007 1763 2078 orde,
1778 2005 1932 2067 Maniai*

278 2103 328 2166 tui
341 2104 555 2169 serenitatem
570 2102 674 2164 animi
687 2116 768 2176 erga
784 2115 870 2172 eum,
888 2099 962 2176 ipsa
975 2097 1076 2160 exhi·
1130 2103 1201 2164 turn
1235 2103 1487 2172 centumcellas,
1519 2103 1707 2171 cornetum,
1735 2103 1928 2174 Perusiam,

279 2202 371 2266 tione
383 2201 495 2277 operis
517 2197 726 2274 manifestem
742 2213 817 2258 cum
843 2196 872 2256 si
900 2195 1078 2270 diligenter
1133 2197 1334 2272 Umemvet,
1361 2199 1552 2272 Tudertum,
1581 2199 1847 2275 Balneoregium,
1864 2201 1932 2260 vi-

280 2298 624 2374 attendasillnd,quo
642 2296 702 2357 tini
722 2297 858 2372 iunctus
877 2295 938 2366 est,
959 2294 1078 2356 vincu—
1131 2297 1295 2362 terbium.
1323 2297 1505 2370 Narniam,
1538 2299 1692 2359 Sanctum
1730 2299 1927 2370 Geminum,

281 2395 362 2464 lum,
378 2395 477 2458 facile
497 2395 605 2472 possis
620 2393 793 2456 advertere
810 2392 976 2454 nemiuem
991 2405 1075 2460 esse,
1133 2397 1296 2456 Struncon
1306 2395 1408 2455 salvis
1422 2395 1636 2474 proventibus
1649 2395 1768 2456 dilecto
1782 2393 1850 2456 lilio
1861 2411 1930 2456 no-

283 2509 428 2572 persona
452 2493 513 2556 tilii
537 2492 587 2556 tui
608 2491 781 2552 dumtaxat
805 2490 955 2565 excepta,
973 2487 1028 2564 qui
1045 2487 1077 2548 te
1129 2491 1191 2552 ltili
1205 2493 1278 2554 viro
1292 2493 1390 2554 Petro
1405 2493 1549 2570 capucio
1566 2493 1817 2568 consanguinee.
1828 2493 1861 2554 et
1872 2507 1928 2554 os-

279 2591 445 2671 sincerius
468 2590 540 2668 ipso
561 2605 641 2664 rege
663 2587 803 2668 diligere
819 2585 947 2658 debeat,
964 2583 1017 2646 vel
1037 2583 1077 2644 de
1131 2589 1231 2652 ilario
1262 2591 1376 2652 nostro
1405 2591 1572 2652 concessis
1596 2611 1604 2650 ε
1627 2593 1782 2664 Tuscan,
1798 2591 1927 2660 ortam,

277 2691 419 2768 ¹q-uotua
443 2686 630 2750 sublimitas
654 2684 810 2746 fiduciam
831 2681 935 2762 possit
960 2696 1078 2756 gerere
1132 2687 1305 2760 ameliam,
1340 2689 1443 2765 Nape,
1479 2689 1647 2750 civitatem
1686 2687 1922 2759 castellanam,

284 2785 472 2848 ceriJ'Orem·
509 2785 552 2846 Ui
583 2783 694 2845 aulem
729 2781 898 2855 intelligas
926 2777 1075 2856 Plenius,
1133 2785 1325 2858 Gallesium,
1342 2785 1445 2846 salvis
1457 2787 1671 2862 proventibus
1686 2785 1855 2847 concessis
1869 2785 1929 2845 di·

281 2898 380 2962 quarn
409 2881 525 2944 intime
552 2878 858 2942 reconciliationem
887 2874 1077 2952 hujusmodi
1127 2883 1218 2943 lecto
1234 2883 1303 2944 llllo
1316 2883 1429 2945 nostro
1440 2883 1587 2959 AEgidic,
1601 2886 1657 2944 SS.
1670 2885 1796 2944 Cosmae
1811 2885 1844 2944 et
1858 2885 1931 2944 Da*

282 2979 486 3049 affectemus,
503 2993 579 3039 ecce
588 2978 722 3054 propter
733 2976 795 3036 iloc
810 2972 989 3050 specialius
999 2971 1077 3032 mit·
1130 2979 1236 3040 miani
1251 2979 1391 3041 diacono
1417 2979 1590 3052 cardinali,
1615 2981 1784 3052 Stutriulu,
1801 2969 1928 3052 atalia,

282 3077 384 3140 timus
396 3077 437 3138 ad
453 3077 486 3136 te
499 3074 655 3136 dilectum
675 3073 780 3132 fllium
795 3070 948 3132 abbatem
964 3066 1078 3130 Sancti
1133 3093 1205 3155 quaa
1222 3077 1293 3154 ipsa
1307 3079 1455 3139 Ecclesia
1471 3081 1620 3140 Romana
1639 3077 1751 3150 hahet,
1768 3077 1820 3138 vel
1835 3079 1930 3138 tenet

281 3173 419 3234 Martini
436 3171 669 3238 Viterbiensi⁸‚
689 3167 919 3230 Cisterciellsiss
935 3165 1073 3236 Ordinis,
1132 3173 1220 3236 inira
1233 3177 1394 3236 terminos
1405 3177 1616 3252 praenotatos,
1629 3192 1703 3236 cum
1717 3173 1930 3252 pertinentiis

280 3270 420 3332 l³i0r⁰m
434 3267 659 3346 Praesflssiissms
677 3267 787 3326 Virum
802 3263 916 3340 utique
931 3261 1079 3340 Prudffll·
1131 3273 1214 3344 suis,
1229 3276 1261 3335 et
1269 3274 1401 3351 juribus
1415 3275 1592 3334 universio.
1606 3269 1932 3351 Ideoque'universi·

279 3367 357 3439 iem,
374 3362 735 3442 ltilissiOSumeifidums
753 3361 969 3422 serenitatem
986 3361 1078 3422 tuam
1133 3371 1235 3431 iatam
1263 3373 1408 3432 vestram
1437 3387 1609 3432 monemus
1642 3373 1675 3432 et
1707 3371 1932 3432 exhortamur

283 3463 500 3542 diPOScflssiOS
517 3461 652 3532 infinie,
670 3457 1078 3536 quatenusipsum‚immo
1101 3477 1102 3480 ’
1134 3468 1304 3540 attentius,
1322 3484 1361 3529 ac
1375 3481 1443 3545 ‘per
1466 3469 1657 3546 apostolica
1676 3467 1770 3529 vobis
1797 3467 1926 3543 scripta

281 3561 395 3623 Verius
411 3575 472 3620 110⁵
486 3560 520 3619 iu
536 3558 621 3636 iP⁸02
638 3555 940 3632 occasioneque
959 3553 1001 3614 ad
1016 3553 1080 3614 11⁰⁰
1134 3565 1195 3626 suh
1211 3562 1346 3628 obtentu
1358 3566 1475 3642 gratiae
1490 3567 1624 3638 nostrae,
1639 3567 1672 3627 et
1686 3565 1795 3626 debito
1811 3563 1925 3624 ddeli-

283 3657 453 3734 1108⁰iluffl
468 3655 646 3732 periment»
664 3655 697 3714 ei
711 3653 827 3715 audire
841 3651 1033 3721 clemflssiel's
1047 3651 1080 3712 θῑ
1133 3665 1223 3730 tatis,
1235 3679 1300 3740 quo
1322 3662 1418 3724 uobis
1443 3663 1614 3736 tenemini,
1643 3663 1783 3724 tirmiter
1803 3661 1927 3738 praecie

275 3753 465 3820 ⁴efficaciter
477 3751 649 3814 exaudire.
660 3751 778 3812 Datum
791 3747 960 3818 Laterani,
971 3749 1015 3808 Vl
1023 3746 1079 3808 ka·
1135 3760 1254 3840 prendo
1276 3759 1483 3834 mandamus,
1501 3761 1664 3840 quatemus
1684 3760 1793 3836 ipsum
1812 3773 1928 3834 regem

284 3851 400 3912 laudas
426 3849 600 3921 februarii,
624 3847 839 3925 pontificatus
865 3844 970 3906 nostri
990 3859 1078 3906 anuo
1133 3857 1333 3934 recipientes
1353 3857 1516 3930 hilariter,
1533 3859 1566 3920 et
1589 3858 1722 3934 dignam
1742 3856 1774 3918 θῇ
1787 3857 1928 3918 honori.

285 3947 472 4010 undecimo·
1134 3955 1303 4016 {leentiam
1313 3955 1520 4027 exllibeutes,
1532 3955 1640 4016 eidem
1663 3958 1820 4030 tanquam
1833 3953 1929 4014 vica-

684 4075 686 4083 ·
1134 4053 1185 4114 rio
1210 4055 1245 4113 et
1264 4053 1475 4128 procuratori
1497 4053 1623 4124 nostro,
1640 4054 1672 4113 et
1685 4041 1842 4114 Ecclesiae
1856 4047 1927 4112 noa

639 4139 727 4225 LVI
1134 4165 1242 4212 manae
1268 4149 1440 4212 humiliter
1454 4151 1488 4217 et
1499 4149 1680 4212 efficaciter
1706 4147 1926 4218 intendentes,

333 4287 387 4347 Ad
403 4295 521 4345 omne,
539 4286 680 4358 pompos
695 4293 763 4355 per
778 4278 1030 4353 patrimonium
1134 4245 1198 4310 sibi
1213 4247 1253 4310 do
1262 4246 1397 4322 juribus
1411 4247 1513 4310 curiae
1524 4245 1682 4323 quamdiu
1696 4246 1851 4308 Ecclesiae
1866 4247 1931 4305 Ro·

396 4383 558 4444 Ecclesiae
569 4382 735 4441 chmnoe
755 4375 968 4438 curialitates.
1131 4359 1242 4412 malla
1270 4345 1449 4420 placuerit,
1479 4343 1567 4420 quod
1594 4341 1785 4420 hujumodi
1813 4357 1930 4404 curam

548 4511 583 4568 2⁷
595 4509 719 4581 januarii
741 4509 820 4565 liii.
1134 4443 1239 4517 gerat,
1256 4441 1385 4516 integro
1395 4439 1635 4516 respondendo,
1648 4441 1710 4500 etc.

1173 4540 1291 4601 Datum
1318 4539 1486 4608 Laterani,
1501 4539 1546 4600 VI
1569 4537 1732 4599 kalendas
1751 4535 1926 4608 februarii,

418 4625 555 4689 [Raynald
569 4624 663 4676 Annei.
679 4625 712 4674 ad
727 4637 787 4674 eun.
806 4621 876 4680 ml,
889 4621 949 4686 iii]
1134 4651 1223 4698 anno
1237 4635 1422 4698 undecimo·

285 4747 342 4804 lios
356 4742 492 4800 cusodiae
506 4739 647 4800 iohannis
661 4735 1080 4811 Hierosolymitauiregiscoua

321 4823 533 4893 militiamque
546 4827 676 4878 monetet
689 4815 968 4876 hortaturutdiclum
979 4830 1079 4888 regem

321 4901 448 4958 hilariter
461 4900 599 4972 recipiant
611 4901 693 4970 eique
707 4905 844 4968 tanquam
860 4895 967 4953 vicario
978 4901 1009 4951 et
1018 4909 1080 4968 pro·
1473 4848 1583 4946 LVII

321 4973 947 5052 curatoriapostolicohumililerintendant.
1099 4988 1101 4997 ·
1192 5009 1245 5074 Ad
1258 5013 1412 5072 consules
1427 5010 1461 5071 et
1475 5013 1640 5084 populum
1659 5007 1866 5070 mmm·

325 5113 528 5178 «carissimi
540 5113 576 5174 in
592 5110 724 5174 Christo
737 5110 797 5170 dlii
815 5109 922 5172 nostri
938 5107 1079 5172 loannis
1393 5139 1429 5197 23
1448 5139 1572 5211 jmwfi
1590 5139 1670 5196 ,m

286 5206 1076 5288 Hierosolymitauiregisillustrisstrenuitatem,
1093 5252 1097 5264 .

285 5309 548 5386 industriamque
563 5307 752 5382 pensantes,
772 5303 936 5382 simulque
949 5301 1078 5386 firmam

286 5423 389 5486 spem,
404 5405 624 5482 fiduciamque
638 5403 801 5474 tenentes„
818 5401 904 5480 quod
917 5415 977 5478 per
989 5401 1080 5478 ejus·
1133 5389 1183 5446 Eis
1198 5387 1315 5446 mandat
1331 5395 1360 5444 ut
1375 5387 1410 5444 ab
1423 5387 1604 5446 infamatione
1620 5385 1801 5444 sublacensis
1813 5399 1930 5442 monas·

285 5505 360 5568 dem
374 5504 463 5582 regis
491 5500 711 5580 prudentiam,
737 5500 826 5562 iuter
846 5513 905 5562 vos
924 5497 1080 5575 poterunt
1364 5477 1427 5533 terli
1443 5474 1714 5550 penitusdesistant.

281 5601 396 5665 sedari
422 5599 609 5672 discordiae,
626 5596 786 5662 custodiri
808 5597 933 5668 strata,
950 5593 1078 5656 servari
1174 5593 1342 5658 Honorius
1351 5594 1540 5672 episcopus,
1549 5607 1843 5656 servasservorum
1857 5590 1930 5656 Dei,

1271 5261 1444 5328 [Spiciiepium
1457 5261 1630 5318 tiberianum,
1646 5261 1701 5319 718,
1715 5275 1740 5309 u.
1754 5259 1790 5324 7.]
