4114 6322
305 289 360 352 tot

303 451 371 512 tuae
400 445 594 511 memoriam
619 447 801 525 largitatls;
827 463 943 527 preces
968 451 1101 512 nostras

304 547 352 609 ita
365 545 519 608 hilariter
542 547 575 608 et
597 545 778 608 efficaciter
802 547 986 619 auditurus,
1016 547 1101 624 quod

306 645 347 704 ab
363 645 508 705 omnium
524 643 683 719 largitore
695 643 857 705 bonorum
873 646 963 706 tuam
978 660 1103 720 agnos-

305 759 381 803 cere
393 740 631 802 abundantiam
647 741 884 818 comproberis,
911 757 953 802 ne
975 741 1101 804 frustra

305 839 450 899 videaris
472 838 674 915 praeceptum
694 839 902 900 Dominicum
930 839 1100 900 habuisse.

925 289 1100 354 HONORII
1124 293 1168 354 111
1190 295 1338 358 OPERA.

1522 467 1588 554 LX

1256 617 1611 692 dearchiepiscopare
1621 621 1850 682 Landcnscm.

1422 747 1439 804 l
1458 746 1590 806 februarii
1607 751 1684 808 ital.

1267 865 1410 933 [Liljegrcm
1425 871 1533 922 Suanskt
1547 871 1618 936 dipl,
1637 874 1655 932 l,
1671 874 1726 934 249,
1738 889 1764 926 n.
1777 875 1843 942 243]

305 937 390 996 Nam
406 935 445 1006 si,
459 935 536 996 dum
551 935 682 996 videres
696 951 756 996 nos
769 935 856 996 hanc
871 937 1102 998 necessitatem
1167 947 1172 956 ·

305 1033 439 1103 habere,
456 1032 552 1093 nobis
567 1035 680 1094 contra
695 1047 786 1109 spem
802 1035 947 1094 nostram
961 1035 1018 1094 tua
1034 1033 1104 1092 vis-

306 1145 383 1192 cera
397 1131 559 1190 clauseris
574 1131 719 1207 pietatis,
735 1131 821 1208 quod
844 1131 939 1202 absit,
957 1125 1103 1191 videaris

306 1228 403 1289 nobis
420 1227 552 1290 auferre
566 1229 608 1290 de
619 1229 676 1290 tua
699 1229 877 1290 serenitate
893 1228 1058 1300 fiduciam,
1074 1227 1103 1287 si

307 1325 400 1402 passi
427 1325 587 1386 fuerimus
603 1327 637 1386 in
662 1327 729 1387 tam
743 1325 919 1388 favorabili
935 1341 1037 1386 causa
1063 1325 1105 1385 de

306 1423 362 1499 pia
378 1423 538 1500 petitione
552 1423 731 1501 repulsam.

662 1697 751 1784 LIX

406 1849 458 1909 Ad
472 1848 765 1922 archiepiscopum
780 1849 1009 1907 Leandenrem.

573 1976 590 2032 d
604 1973 738 2034 februarii
758 1977 836 2035 latr.

402 2099 546 2163 [Liljegrem
557 2099 670 2151 chnskt
681 2099 797 2162 diplom,
806 2099 825 2156 l,
837 2099 892 2158 tta,
903 2112 929 2148 n.
942 2097 1010 2162 Μ]

309 2225 343 2284 Ei
361 2224 488 2291 mandat,
500 2231 531 2281 ut
552 2231 609 2280 tam
625 2223 736 2280 clericis
748 2237 834 2295 quam
848 2223 927 2280 laicis
942 2223 990 2296 qui
1010 2221 1046 2280 ad
1059 2237 1105 2280 ne-

344 2312 431 2369 farms
439 2312 530 2368 coitus
538 2311 731 2384 prolabuntur,
744 2311 939 2384 penitentiam
950 2311 1104 2368 salutarem

346 2401 488 2474 injungat.

349 2526 516 2588 Honorius
527 2523 714 2602 episcopus,
725 2525 1103 2598 servusservorumliei,

308 2623 493 2688 venerabili
507 2623 640 2684 fratri...
657 2623 910 2702 archiepiscopo
924 2623 1103 2696 Lundensi‚

312 2721 464 2792 salntem,
480 2721 542 2781 etc.

288 2807 290 2812 ’
351 2817 472 2878 Petitio
487 2817 545 2877 tua
558 2815 653 2877 nobis
668 2815 867 2890 continebat,
885 2817 922 2878 ut
933 2832 1008 2878 cum
1022 2833 1108 2878 nou-

316 2913 403 2974 nulli
416 2913 537 2975 subditi
550 2913 679 2975 tultam
693 2913 818 2988 clerici,
833 2930 930 2991 piram
943 2913 1021 2975 laici
1034 2913 1105 2975 fre-

316 3012 457 3092 quenter
489 3010 530 3072 ad
562 3010 710 3072 nefarios
741 3011 848 3072 coitus
877 3011 1105 3088 prolabantur,

315 3107 506 3170 nonsolum
538 3107 690 3183 personis
719 3107 783 3168 sibi
819 3107 1108 3184 consanguinitate

311 3205 511 3282 conjunctis,
528 3221 642 3266 rerum
660 3205 759 3265 etiam
782 3203 887 3266 brutis
908 3205 1107 3265 animalibus

311 3287 348 3363 se
361 3301 490 3363 nefarie
505 3300 760 3374 commiscendo,
777 3315 816 3361 ac
829 3301 911 3360 illud
925 3317 985 3364 nec
1000 3302 1109 3362 nomi-

310 3384 459 3460 nandum
486 3397 719 3459 committendo
757 3399 939 3474 peccatum,
975 3399 1108 3476 propter

310 3496 395 3574 quod
408 3495 566 3557 Dominus
576 3494 763 3562 Sodomam,
775 3495 808 3555 et
816 3498 1010 3556 Gomorram
1019 3510 1110 3555 ever·

312 3595 407 3654 sione
428 3592 609 3662 damnavit,
627 3591 660 3652 et
674 3589 807 3671 quidam
833 3607 947 3652 eorum
974 3583 1111 3668 propter

310 3687 443 3750 riarum
470 3679 711 3762 longitudinem
740 3685 773 3746 et
796 3685 956 3762 pericula,
975 3685 1109 3764 quidam

311 3783 353 3844 ob
368 3781 603 3844 'verecundiam
617 3783 702 3844 mori
717 3783 826 3859 potius
837 3783 964 3858 eligant
977 3781 1011 3842 in
1026 3799 1108 3860 pec-

312 3879 396 3940 catis
419 3879 622 3955 lmjusmodi,
644 3895 741 3956 quam
758 3881 893 3956 propter
914 3880 977 3940 hoc
995 3883 1108 3942 nostro

313 3991 349 4035 se
364 3975 556 4050 conspectui
571 3977 785 4051 praesentare,
803 3992 903 4054 super
917 3975 981 4037 hoc
995 3979 1110 4054 provi-

313 4071 392 4134 dere
406 4071 667 4132 misericorditer
678 4071 903 4148 dignaremur.
918 4075 998 4132 Cum
1007 4073 1110 4149 igitur

312 4169 421 4245 major
433 4167 477 4228 sit
491 4168 598 4244 pietas
611 4167 737 4239 divina,
758 4185 857 4246 quam
880 4169 1026 4232 bumana
1041 4171 1108 4232 im-

313 4267 432 4344 pietas,
460 4265 635 4342 potiusque
671 4265 870 4342 sperandum
906 4267 949 4328 sit
983 4267 1024 4328 dc
1050 4268 1109 4328 Dei

312 4363 578 4434 mansuetudine,
605 4377 704 4438 quam
719 4362 759 4422 de
772 4365 966 4440 cujusquam
982 4363 1109 4440 peccati

314 4460 543 4538 magnitudine
559 4459 812 4536 desperandum,
827 4459 1029 4524 fraternitati
1043 4462 1109 4522 tuae

312 4557 527 4636 praesentium
541 4556 738 4620 auctoritate
762 4555 969 4629 mandamus,
988 4559 1108 4636 quate-

311 4671 376 4717 nus
391 4655 584 4732 peccatores
613 4651 802 4730 hujusmodi
826 4669 983 4732 arguens,
1010 4655 1109 4718 obse-

312 4768 424 4824 crans,
439 4753 617 4827 increpans
632 4750 771 4812 inomni
786 4751 960 4828 patientia,
978 4754 1011 4814 et
1030 4753 1109 4814 doc-

312 4848 413 4918 trina,
430 4847 586 4924 injungas
599 4848 649 4908 eis
661 4847 893 4925 poenitentiam
910 4849 1105 4923 salubrem,

312 4961 352 5008 eo
366 4943 514 5005 adnibito
528 4945 765 5018 moderamine,
783 4946 868 5024 quod
883 4961 944 5008 nec
965 4945 1107 5008 facilitas

313 5042 418 5104 nimia
433 5041 594 5120 peccandi
608 5042 782 5104 audaciam
795 5043 931 5116 tribuat,
957 5059 1018 5106 nec
1039 5043 1106 5104 im-

311 5141 485 5202 moderata
499 5137 660 5202 severitas
673 5139 940 5219 desperationem
958 5141 1105 5203 inducat.

312 5238 431 5301 Datum
451 5237 618 5310 Laterani,
636 5240 666 5300 ll
689 5253 794 5299 nonas
811 5237 980 5318 februarii,
997 5239 1109 5317 ponti·

313 5335 430 5397 ficatus
451 5335 557 5396 nostri
570 5351 658 5398 anno
672 5335 859 5398 undecimo.

1158 991 1190 1054 Ei
1203 991 1334 1052 concedit
1348 994 1490 1052 licentiam
1503 995 1686 1069 dispensandi
1698 1015 1763 1058 cnm
1776 1003 1829 1070 eis,
1843 1001 1893 1072 qui
1905 1016 1959 1058 sa-

1194 1095 1257 1136 cros
1273 1081 1388 1138 ordines
1408 1087 1646 1144 excommunicati
1661 1097 1848 1160 suscepamut
1862 1097 1891 1147 et
1909 1090 1959 1146 di·

1195 1169 1261 1226 vina
1294 1169 1387 1228 officia
1407 1172 1597 1242 celebrarunt,
1622 1177 1660 1232 ita
1688 1183 1796 1246 tamen,
1817 1179 1895 1250 quod
1921 1178 1962 1234 ad

1195 1271 1280 1314 casus
1299 1257 1408 1317 futuros
1429 1261 1561 1320 eamdem
1576 1263 1720 1322 licentiam
1736 1281 1793 1323 non
1808 1267 1960 1324 extendat.

1198 1393 1365 1454 Honorius
1373 1396 1684 1473 episcopusservus
1695 1415 1867 1461 servorum
1881 1402 1958 1472 Dei,

1157 1490 1343 1552 vonerabili
1358 1491 1491 1555 fratri...
1504 1495 1757 1575 archiepiscopo
1772 1498 1958 1571 Lundensi,

1159 1586 1311 1658 salutem,
1326 1590 1388 1650 etc.

1200 1685 1246 1744 De
1276 1685 1481 1748 subditorum
1513 1689 1646 1752 tuorum
1675 1689 1782 1753 salute
1811 1692 1960 1754 sollicite

1159 1779 1364 1856 supplicasti,
1380 1783 1416 1844 ut
1430 1799 1504 1844 cum
1526 1787 1678 1847 nonnulli
1704 1805 1819 1848 eorum
1839 1805 1958 1850 sacros

1159 1876 1294 1939 ordines
1315 1881 1593 1944 excommunicati
1615 1885 1823 1962 susceperint
1846 1887 1880 1946 et
1903 1886 1960 1947 di-

1158 1973 1238 2036 vina
1262 1975 1372 2038 officia
1397 1977 1609 2052 celebrarint,
1640 1981 1853 2058 dispensandi
1879 1999 1957 2042 cum
2044 2001 2045 2010 ¹

1160 2072 1219 2143 eis,
1234 2089 1308 2134 cum
1324 2077 1458 2150 propter
1472 2077 1602 2138 viarum
1623 2077 1817 2141 discrimina
1836 2081 1958 2141 venire

1160 2169 1439 2246 adapostolicam
1456 2173 1573 2234 sedem
1594 2177 1667 2236 sine
1684 2176 1788 2237 nimia
1809 2177 1960 2238 difficul-

1159 2268 1227 2328 tate
1254 2283 1319 2330 non
1344 2271 1483 2345 possint,
1506 2270 1675 2333 licentiam
1689 2273 1750 2334 tibi
1772 2275 1959 2336 concedere

1160 2363 1557 2438 dignaremuffvolentes
1572 2369 1674 2444 igitur
1693 2373 1854 2432 eteorum
1877 2387 1961 2448 pro·

1160 2459 1274 2524 videre
1295 2462 1404 2536 saluti,
1422 2467 1455 2526 et
1469 2466 1558 2541 ipsos
1578 2466 1618 2526 ad
1636 2466 1843 2529 devotionem
1864 2471 1958 2530 tuam

1161 2573 1221 2636 per
1235 2558 1425 2636 hujusmodi
1437 2560 1591 2623 beneficii
1602 2565 1744 2640 gratiam
1760 2581 1957 2642 provocare,

1161 2655 1358 2718 auctoritate
1371 2657 1432 2718 tibi
1456 2661 1670 2734 presentium
1685 2661 1898 2724 concedimus
1915 2663 1960 2723 li-

1162 2753 1302 2814 centiam
1317 2755 1528 2828 postulatam,
1541 2757 1588 2818 ita
1601 2758 1723 2830 tamen,
1739 2760 1826 2836 quod
1841 2760 1882 2820 ad
1899 2775 1960 2821 ca-

1162 2866 1218 2912 sus
1232 2849 1361 2912 futuros
1377 2853 1525 2914 camdem
1554 2855 1723 2918 licentiam
1747 2873 1813 2917 non
1837 2859 1960 2918 exten-

1163 2947 1232 3008 das.
1261 2949 1379 3010 Datum
1405 2951 1573 3024 Laterani,
1591 2955 1621 3013 ΙΙ
1647 2969 1753 3014 nonas
1779 2952 1955 3027 februarii,

1162 3045 1373 3122 pontificatus
1387 3049 1494 3115 nostri
1508 3064 1595 3110 anno
1612 3050 1798 3112 undecimo.

1516 3289 1604 3378 LXI

1202 3440 1254 3500 Ad
1267 3440 1420 3501 abbatem
1435 3440 1468 3500 et
1486 3445 1693 3505 cernentum
1710 3447 1920 3507 mottastcrtt

1321 3537 1355 3597 S.
1369 3539 1544 3599 Benedicta·
1555 3543 1795 3604 Flortacensts.

1424 3679 1440 3735 7
1459 3675 1592 3735 februarii
1611 3679 1689 3736 latr.

1195 3799 1313 3887 (Regem,
1324 3799 1367 3850 lib.
1379 3799 1423 3860 xl,
1433 3800 1506 3866 epist.
1517 3802 1572 3854 526.
1585 3803 1644 3856 llss.
1657 3803 1692 3853 La
1702 3803 1777 3854 Porto
1788 3805 1822 3855 du
1832 3805 1928 3872 Thai]

1164 3930 1296 4006 indulget
1314 3933 1357 3990 eis
1375 3947 1411 3990 ne
1431 3933 1504 4006 quis,
1517 3941 1615 3992 contra
1636 3937 1784 4011 privilegia
1800 3939 1870 4010 ipsis
1886 3955 1957 3996 con-

1197 4035 1280 4078 cessa
1300 4022 1327 4078 in
1349 4023 1474 4094 ipsorum
1490 4021 1632 4094 homines,
1645 4028 1801 4084 sententias
1816 4027 1958 4085 interdicti

1199 4107 1273 4166 ferre
1287 4118 1451 4182 praesumat.

1203 4245 1381 4318 Honorius,
1409 4247 1483 4320 etc,
1513 4247 1644 4312 dilectis
1671 4249 1749 4310 liliis
1775 4250 1900 4324 abbati,
1927 4253 1959 4314 et

1164 4343 1342 4404 conventui
1354 4345 1547 4405 monasterii
1563 4347 1675 4408 Sancti
1690 4349 1858 4410 Benedicti
1875 4350 1957 4410 Flo-

1164 4441 1336 4513 riacensis,
1361 4441 1544 4504 salutemet
1555 4443 1780 4520 apostolicam
1794 4445 1957 4508 benedic-

1164 4538 1298 4600 tionem.

1204 4634 1355 4696 Debitum
1377 4635 1554 4711 pastoralis
1578 4635 1681 4698 officii
1701 4639 1781 4699 tunc
1802 4639 1960 4702 decenter

1164 4733 1378 4810 exsequimur
1399 4749 1498 4808 quum
1518 4733 1693 4798 evellenda
1716 4737 1902 4810 evellimus,
1926 4739 1959 4799 et
2044 4803 2045 4810 χ

1164 4829 1338 4906 dirigimus
1349 4829 1524 4892 indirecta.
1548 4831 1664 4894 Oblata
1681 4833 1777 4894 nohis
1792 4851 1835 4896 ex
1863 4837 1958 4912 parte

1162 4929 1272 4989 restra
1296 4927 1411 5004 petitio
1432 4927 1632 5000 continebat,
1656 4929 1743 5006 quod
1767 4931 1957 5008 episcopus,

1162 5023 1411 5086 Aurelianensis
1422 5025 1586 5098 dioeccsis,
1600 5027 1634 5086 in
1645 5043 1709 5103 qua
1718 5027 1958 5090 monasterium

1162 5121 1308 5183 vestrum
1324 5121 1485 5196 consistit,
1503 5137 1603 5200 super
1618 5125 1729 5184 causis
1745 5140 1828 5202 quas
1841 5127 1958 5187 contra

1161 5235 1221 5282 ros
1234 5219 1398 5282 interdum
1414 5236 1449 5282 se
1475 5219 1599 5282 habere
1622 5221 1813 5300 proponunt
1841 5238 1957 5284 eorum

1162 5317 1233 5378 sisti
1251 5317 1378 5393 judicio
1405 5309 1603 5379 auctoritate
1624 5319 1760 5396 propria
1784 5335 1844 5381 vos
1867 5335 1960 5380 com-

1162 5415 1301 5491 pellunt,
1316 5414 1429 5492 sicque
1443 5415 1605 5491 contingit
1618 5417 1753 5492 saepius,
1771 5417 1856 5492 quod
1879 5417 1958 5477 dum

1161 5512 1210 5572 sic
1225 5527 1261 5572 se
1276 5511 1632 5589 constituuntjudices,
1657 5513 1689 5574 et
1713 5513 1855 5581 actores,
1879 5515 1958 5591 quia

1161 5623 1226 5670 non
1241 5607 1342 5669 vultis
1355 5623 1465 5670 coram
1479 5609 1561 5684 ipsis
1575 5609 1688 5670 taliter
1698 5609 1831 5685 litigare
1844 5611 1877 5670 in
1894 5613 1959 5673 ter-
