4174 6324
165 318 207 380 33
791 311 1018 375 EPISTOLAE.
1042 311 1119 372 LlB.
1142 313 1183 371 X.
1763 308 1803 366 34

166 473 253 544 dem,
267 471 479 534 satisfaceres
491 473 551 546 eis,
568 471 602 534 et
609 470 766 534 satisfieri
779 471 907 534 faceres
917 471 957 532 de

167 569 298 630 damnis
319 569 397 630 aliis
412 569 445 630 et
459 569 593 645 injuriis
609 584 668 644 per
681 569 725 639 te,
742 583 780 628 ac
794 569 869 630 tuos
888 569 957 628 eis-

168 665 242 728 dem
251 663 957 740 hactenusirrogatis;ipsisetiamfratribus

167 775 228 837 per
253 762 386 824 nostras
400 760 549 822 dedimus
575 760 703 822 litteras
721 761 757 820 in
781 761 959 829 mandatis,

168 858 206 918 ut
223 856 284 918 tibi
306 857 521 918 restituerent
540 857 708 928 universa,
733 872 806 934 quae
828 857 961 918 iuveni-

166 955 286 1014 rentur
307 953 403 1016 extra
431 953 586 1030 praefatos
612 954 736 1016 limites
761 967 958 1030 occupasse;

168 1065 210 1112 ac
224 1065 267 1110 ne
292 1049 482 1126 hujusmodi
497 1050 663 1112 contentio
686 1051 798 1128 posset
818 1050 960 1126 amplius

165 1147 425 1219 invalescere...,
454 1147 494 1206 de
515 1147 676 1217 Linevvet,
702 1148 771 1209 et...
794 1147 834 1208 de
852 1147 959 1222 agris,

168 1243 241 1304 et...
257 1242 297 1303 de
317 1244 429 1304 Kerch
444 1242 618 1304 abbatibus
642 1243 790 1308 dedimus
807 1245 843 1304 in
866 1259 963 1304 mau-

167 1339 269 1410 datis,
286 1340 322 1400 ut
334 1339 376 1400 ad
389 1339 462 1400 loca
472 1340 545 1416 ipsa
569 1341 790 1416 personaliter
801 1341 963 1401 acceden-

167 1437 959 1514 tes,diligenterinspicerentlimitesautedictos‚

168 1534 204 1596 et
213 1533 244 1593 si
255 1533 400 1596 viderint
414 1533 504 1610 ipsos
517 1532 636 1594 fratres
652 1535 764 1610 aliqua
779 1537 875 1595 extra
887 1549 962 1595 eos-

170 1630 247 1690 dem
265 1629 437 1700 terminos,
451 1646 511 1698 sau
526 1630 649 1692 limites
674 1646 865 1708 occupasse,
880 1630 962 1707 ipsis

169 1726 370 1788 auctoritate
399 1729 513 1788 nostra
539 1727 752 1803 injungerent
780 1730 817 1788 ut
842 1743 882 1788 ea
903 1727 962 1788 tibi

168 1823 386 1884 restituerent
399 1823 471 1884 sine
486 1838 595 1898 mora3
613 1823 771 1900 quidquid
787 1839 887 1900 super
910 1823 962 1886 his

168 1919 371 1991 invenirent,
384 1919 416 1980 et
430 1918 590 1991 facerent,
606 1919 749 1982 fideliter
760 1921 855 1980 nobis
869 1920 961 1981 rela-

169 2017 250 2078 turi.
263 2019 342 2077 Tuae
354 2031 484 2092 quoque
505 2017 697 2093 scripsimus
714 2017 913 2090 celsitudini,
929 2017 964 2078 ut

169 2113 380 2190 permitteres
391 2113 479 2188 ipsos
495 2112 630 2174 abbates
645 2114 749 2175 libere
762 2115 963 2189 investigare

171 2209 383 2286 praedicta,et
393 2209 422 2268 si
432 2208 493 2270 tibi
508 2209 664 2285 expedire
673 2211 813 2282 videres,
824 2211 963 2270 nuncios

170 2307 247 2367 tuos
269 2306 416 2366 mitteres
435 2321 510 2366 curn
535 2307 672 2380 eisdem,
695 2307 963 2383 investigationis

170 2402 364 2478 hujusmodi
383 2403 503 2464 seriem
519 2405 739 2480 inspecturos.
755 2405 875 2466 Videat
896 2405 962 2480 igi-

171 2500 230 2560 tur
255 2499 350 2574 regia
373 2499 637 2576 circumspectio,
666 2504 775 2563 utrum
800 2501 964 2578 pendente

171 2595 430 2670 investigatione
445 2597 477 2658 et
497 2597 661 2658 relatione
681 2598 881 2674 hujusmodi,
907 2598 965 2658 de-

170 2691 285 2754 buerit
308 2693 434 2768 aliquid
459 2709 479 2753 a
503 2695 547 2765 te,
564 2695 617 2755 vel
643 2694 684 2754 ab
699 2695 782 2770 ipsis
807 2695 965 2756 fratribus

172 2789 341 2850 renovari.
358 2789 453 2850 Certe
466 2791 499 2850 te
510 2789 606 2850 nobis
616 2791 749 2852 interim
764 2789 872 2852 denuo
885 2792 966 2852 inti·-

171 2887 295 2958 mante,
317 2885 402 2962 quod
429 2886 495 2962 ipsi
519 2885 638 2948 fratres
661 2889 728 2948 tuae
752 2887 965 2948 liberalitatis

172 2983 283 3058 gratia
295 2997 362 3044 non
387 2983 660 3055 contenti,multa
682 2984 722 3044 de
748 2984 815 3046 tuis
840 2986 965 3045 temere

172 3079 375 3155 occuparant
400 3101 407 3138 :
432 3081 466 3142 et
491 3079 552 3141 tihi
575 3097 615 3142 ea
639 3083 801 3157 repetenti
827 3098 965 3158 respon-

174 3176 290 3249 deant;
308 3177 395 3253 quod
422 3177 458 3236 in
484 3193 595 3252 pugna
619 3179 754 3254 propter
774 3179 837 3239 hoc
856 3180 965 3255 potius

173 3272 260 3332 mori
271 3272 405 3344 vellent,
416 3287 515 3349 quam
528 3274 705 3335 restituere
723 3275 784 3335 illa
800 3274 876 3350 tibi3
905 3291 966 3336 rios

174 3368 256 3429 moti
277 3370 425 3443 graviter
448 3372 563 3430 contra
587 3372 877 3446 presumptionem
897 3373 964 3432 ltu-

170 3465 329 3540 jusmodi,
354 3465 396 3526 ad
419 3466 626 3528 venerabiles
653 3467 772 3528 fratres
795 3469 964 3530 nostros...

175 3561 415 3622 Varadiensem
437 3566 507 3623 et...
539 3564 754 3624 Gauriensem
780 3555 963 3640 episcopos,

176 3672 314 3734 asperas
324 3657 420 3718 valde
431 3659 614 3719 direximus
622 3660 751 3722 litteras
764 3663 878 3722 contra
887 3677 964 3722 eos:

174 3769 323 3830 asperae,
344 3754 490 3830 inquam,
508 3757 666 3832 quantum
690 3758 732 3818 ad
755 3759 967 3832 exageratio-

174 3867 250 3911 nem
261 3851 380 3926 culpaa,
397 3867 470 3928 quae
485 3851 644 3913 fratribus
657 3853 889 3930 imponebatur
899 3856 967 3914 eis-

175 3949 265 4021 dem;
293 3963 360 4008 uon
385 3951 544 4024 quantum
570 3949 611 4010 ad
637 3949 785 4012 mandati
813 3951 964 4022 formam,

175 4061 249 4120 quaa
262 4047 296 4104 et
307 4044 515 4104 rationabilis
531 4047 581 4106 est
595 4047 628 4106 et
638 4047 746 4122 justa;
764 4047 810 4108 ita
826 4050 863 4110 ut
881 4049 967 4109 sicut

175 4156 237 4202 nec
251 4155 312 4216 per
326 4140 421 4212 alias,
439 4157 532 4217 quas,
556 4144 592 4203 ut
613 4158 713 4218 supra
732 4143 887 4215 diximus,
913 4145 968 4204 ni-

177 4252 288 4296 susas
310 4236 351 4296 ad
372 4241 505 4298 se'nsum
526 4237 671 4298 alienum
695 4239 897 4316 retorquere,
919 4241 966 4301 ita

176 4348 239 4394 nec
265 4348 325 4408 per
356 4333 432 4393 illas
459 4349 539 4394 sane
565 4335 762 4406 intellectae,
793 4337 967 4397 materiam

176 4428 302 4490 habeas
317 4428 477 4506 fatigandi
500 4429 620 4492 fratres
645 4431 735 4506 ipsos
757 4435 966 4508 superterris

176 4527 252 4596 sibi,
268 4527 336 4586 imo
360 4526 470 4586 verius
496 4527 563 4587 Deo
583 4529 672 4588 atua
693 4527 894 4590 liberalitate
907 4531 967 4591 do·

177 4625 278 4694 natis,
304 4623 361 4682 sed
393 4623 614 4698 recuperandi
638 4623 808 4695 duntaxat,
835 4627 966 4702 siquas

176 4719 262 4780 forte
278 4719 373 4780 extra
385 4719 560 4794 praedictos
574 4721 733 4782 terminos
744 4722 867 4782 temere
876 4723 968 4783 inva-

1012 467 1275 546 passedicebas;
1297 467 1532 530 verumetiam
1555 467 1620 538 liis,
1646 481 1728 543 quas
1753 465 1802 526 eis

1012 568 1211 637 donaveras,
1229 565 1390 641 pendente
1403 564 1635 640 praedictorum
1648 563 1803 624 ahbatum

1013 665 1186 734 relatione,
1204 677 1263 739 pro
1281 665 1347 722 tuae
1362 661 1541 723 voluntatis
1566 659 1705 720 arbitrio
1721 675 1802 735 spo-

1013 760 1143 831 liasses,
1155 757 1242 819 sicut
1256 757 1350 818 nobis
1372 771 1486 817 eorum
1502 755 1694 832 conquestio
1708 757 1803 831 post-

1014 857 1147 917 modum
1169 854 1338 931 patefacit,
1365 869 1409 914 ex
1432 869 1470 913 co
1494 853 1692 926 colligimus,
1719 851 1805 928 quod

1014 954 1199 1030 praeceptor
1214 952 1386 1012 domorum
1400 950 1508 1026 ipsius
1523 949 1708 1025 hospitalis,
1731 965 1804 1025 quae

1014 1051 1103 1110 intra
1126 1065 1227 1125 supra
1246 1048 1334 1109 dicta
1359 1048 1554 1117 consistunt,
1583 1046 1727 1106 secundo
1752 1045 1806 1108 vel

1014 1146 1112 1208 tertio
1125 1145 1189 1216 die,
1206 1161 1270 1221 quo
1285 1133 1427 1204 nuncius
1441 1145 1518 1204 tuus
1537 1159 1557 1203 a
1580 1142 1676 1202 nohis
1698 1143 1807 1204 licen-

1015 1244 1095 1304 tiam
1111 1243 1151 1303 ad
1166 1244 1198 1303 te
1213 1241 1374 1302 redeundi
1393 1241 1574 1316 receperat,
1596 1240 1637 1300 ad
1660 1241 1807 1300 nostram

1015 1331 1107 1402 venit
1141 1340 1363 1415 praesentiam,
1393 1338 1553 1414 spoliatus
1578 1339 1679 1408 terra,
1711 1337 1809 1413 prout

1017 1435 1155 1508 dicebat,
1174 1436 1305 1508 eadem;
1322 1436 1355 1496 et
1369 1435 1410 1494 ab
1426 1450 1466 1495 ea
1479 1451 1554 1494 cum
1567 1433 1725 1494 fratribus
1738 1435 1808 1494 suis

1016 1535 1180 1595 violenter
1190 1533 1326 1608 ejectus.
1344 1533 1437 1592 Sicut
1460 1547 1539 1606 ergo
1560 1533 1651 1593 tuam
1678 1531 1807 1607 aliquas

1016 1633 1154 1707 paterno
1165 1629 1285 1690 attactu
1300 1630 1487 1689 monuimus
1496 1628 1748 1704 providentiam,
1761 1627 1809 1688 ita

1017 1743 1105 1789 nunc
1129 1741 1300 1788 monemus
1322 1728 1356 1786 et
1379 1725 1552 1786 hortamur
1576 1725 1742 1796 attentius,
1767 1739 1806 1785 ac

1017 1825 1228 1887 obsecramus
1240 1825 1275 1883 in
1287 1823 1424 1884 Domino
1436 1826 1516 1884 Jesu
1530 1822 1672 1893 Christo
1693 1822 1810 1898 quate-

1017 1939 1079 1982 nus
1093 1922 1213 1998 spretis
1237 1920 1348 1998 pravis
1364 1919 1630 1994 suggestionibus
1646 1919 1811 1994 maligno-

1017 2035 1102 2088 rum,
1127 2019 1183 2095 qui
1206 2017 1356 2078 videntes
1394 2016 1565 2092 praelatam
1597 2017 1721 2076 terram
1750 2031 1811 2092 per

1018 2117 1216 2176 immensum
1228 2113 1368 2174 fratrum
1389 2113 1550 2173 dictorum
1574 2113 1718 2172 studium
1731 2128 1811 2188 pro-

1018 2213 1147 2284 fecisse,
1162 2211 1203 2273 ad
1215 2213 1287 2287 ejus
1302 2209 1490 2286 cupidinem
1501 2209 1633 2270 venosis
1647 2209 1810 2296 suasioni-

1018 2310 1079 2369 bus
1098 2313 1131 2370 te
1154 2308 1332 2381 accedunt;
1355 2306 1476 2368 fratres
1497 2307 1587 2382 ipsos
1611 2307 1647 2366 iu
1670 2321 1810 2382 regnum

1018 2408 1111 2468 tuum
1126 2421 1193 2466 non
1222 2403 1358 2464 differas
1371 2419 1540 2474 revocare,
1558 2419 1597 2463 ac
1610 2405 1658 2464 eis
1672 2405 1812 2464 restitu-

1019 2519 1089 2575 ens,
1105 2507 1138 2564 et
1149 2502 1281 2563 restitui
1302 2501 1428 2562 faciens
1446 2500 1574 2576 integre
1594 2502 1706 2560 omnia
1724 2500 1811 2562 bona

1019 2617 1095 2672 sua,
1126 2600 1312 2676 dictamque
1346 2599 1470 2658 terram
1501 2598 1638 2673 pacifice
1666 2599 1749 2674 ipsis
1779 2601 1812 2659 et

1019 2695 1129 2771 quiete
1144 2693 1323 2762 dimittens,
1341 2692 1523 2752 secundum
1539 2691 1665 2752 limites
1681 2693 1716 2751 in
1728 2693 1811 2768 ipsis

1018 2792 1085 2852 tuis
1097 2790 1281 2867 privilegiis
1292 2789 1493 2864 designatos,
1507 2789 1555 2848 sic
1564 2789 1613 2848 eis
1623 2789 1810 2849 satisfacias

1020 2887 1059 2947 de
1073 2887 1201 2948 damnis
1218 2889 1251 2948 et
1262 2887 1395 2962 injuriis
1408 2885 1576 2960 irrogatio,
1590 2885 1675 2962 quod
1694 2887 1807 2955 Deum,

1020 2987 1115 3060 cujus
1128 2983 1289 3044 offensam
1298 2999 1342 3044 ex
1354 2983 1416 3044 boc
1425 2982 1539 3058 procul
1549 2979 1648 3042 dubio
1662 2983 1811 3042 nosceris

1019 3081 1212 3152 incurrisse,
1235 3080 1335 3154 digua
1361 3079 1468 3156 possis
1493 3079 1719 3141 satisfactione
1738 3079 1812 3155 pla-

1019 3195 1107 3249 cere,
1119 3195 1158 3238 ac
1169 3179 1200 3238 ei
1211 3181 1381 3254 acceptum
1393 3177 1531 3237 reddere
1545 3193 1665 3236 munus
1677 3179 1811 3244 tuum,a

1020 3291 1085 3352 quo
1097 3275 1200 3336 habes
1211 3291 1277 3336 uon
1289 3275 1395 3334 solum
1409 3275 1521 3335 omnia
1531 3273 1617 3334 bona
1628 3276 1696 3346 tua,
1714 3274 1813 3336 sedet

1019 3373 1244 3448 temetipsum;
1264 3373 1383 3442 sciens,
1401 3371 1567 3446 quodnisi
1585 3371 1647 3432 hac
1664 3373 1737 3432 vice
1752 3387 1812 3432 ex-

1020 3469 1136 3530 audire
1153 3467 1335 3538 curaveris,
1362 3481 1428 3527 uon
1450 3469 1501 3528 est
1523 3467 1628 3529 nostri
1650 3469 1811 3544 propositi

1020 3567 1159 3628 ulterius
1174 3565 1274 3626 verba
1290 3565 1427 3642 perdere
1441 3581 1541 3642 super
1556 3565 1688 3641 negotio
1699 3565 1812 3642 hujus·

1020 3662 1119 3733 modi,
1133 3665 1165 3723 te
1177 3662 1351 3733 menende,
1365 3661 1422 3722 sed
1446 3662 1544 3738 prout
1565 3663 1650 3723 ratio
1663 3663 1812 3740 postula-

1019 3759 1115 3829 verit,
1131 3758 1291 3820 ‘assistere
1307 3759 1341 3817 in
1355 3759 1484 3832 iustitia
1495 3773 1555 3818 sua
1571 3757 1729 3819 fratribus
1744 3775 1811 3821 sae-

1021 3855 1175 3932 pedictis3
1200 3871 1274 3916 cum
1299 3855 1425 3916 tantam
1447 3870 1562 3916 eorum
1587 3855 1756 3932 injuriam,
1778 3857 1811 3918 et

1020 3953 1254 4015 detrimentum
1274 3951 1413 4012 subsidii
1426 3954 1537 4014 Terrae
1553 3955 1694 4025 Sanctae,
1711 3953 1812 4014 dissi-

1020 4050 1148 4110 mulare
1159 4049 1300 4125 amplius
1309 4065 1520 4126 nequeamus.
1535 4051 1609 4110 Non
1618 4051 1727 4111 autem
1740 4067 1812 4111 mo-

1020 4145 1808 4222 lesteferattuasublimitasquoddilectusfilius

1021 4243 1124 4304 frater
1137 4245 1357 4314 Hermaunus,
1370 4243 1527 4316 magister
1540 4242 1655 4303 domus
1664 4243 1808 4319 praedic-

1021 4342 1074 4412 tae,
1090 4339 1130 4400 ad
1143 4340 1234 4400 tuam
1247 4339 1457 4415 praesentiam
1472 4354 1537 4398 non
1551 4339 1688 4410 accedit,
1703 4353 1811 4415 quan-

1021 4437 1062 4498 do
1088 4436 1220 4512 quidem
1245 4435 1277 4494 id
1308 4433 1417 4494 facere
1446 4433 1561 4504 voluit,
1589 4435 1646 4496 sed
1675 4439 1810 4513 propter

1021 4533 1172 4610 quasdam
1194 4531 1326 4606 negotia
1350 4531 1518 4603 Ecclesia,
1540 4547 1580 4594 ac
1607 4533 1750 4609 imperii,
1767 4535 1807 4594 ad

1022 4647 1095 4707 quae
1108 4629 1281 4691 tractanda
1296 4629 1492 4690 iudustriam
1508 4631 1540 4689 et
1553 4631 1808 4692 sollicitudinem

1022 4729 1093 4802 ejus
1109 4741 1182 4786 esse
1196 4725 1340 4786 vidimus
1362 4725 1595 4797 necessariam,
1620 4726 1729 4803 ipsum
1752 4727 1811 4788 du·

177 4817 305 4876 serunt.
336 4815 415 4875 Sine
438 4831 479 4875 ea
506 4829 585 4876 vero
607 4817 722 4878 contra
753 4817 873 4880 fratres
906 4835 967 4880 nos
1020 4824 1130 4883 ximus
1156 4821 1380 4896 retinendum
1410 4823 1622 4884 serenitatem
1644 4825 1734 4884 tuam
1758 4825 1811 4885 at-

178 4911 387 4973 commovisti
402 4911 586 4987 praedictos,
612 4914 646 4973 et
661 4913 732 4973 sine
760 4929 862 4976 causa
883 4932 965 4977 nos-
1020 4919 1109 4980 teate
1137 4919 1305 4992 rogantes,
1334 4918 1371 4978 ut
1398 4919 1470 4994 eius
1503 4917 1687 4980 absentiam
1722 4919 1808 4994 apud

176 5009 248 5068 tras
262 5007 305 5068 ad
330 5007 486 5084 praefatos
506 5009 678 5084 episcopos
704 5009 887 5086 impetrasti
911 5013 968 5074 lit-

177 5106 281 5176 teras,
306 5119 381 5164 cum
404 5103 497 5180 prius
525 5104 615 5180 ipsos
637 5120 704 5166 uon
725 5107 832 5166 solum
856 5109 964 5181 terris,

1021 5014 1250 5076 celsitudinem
1263 5015 1353 5076 tuam
1363 5015 1539 5090 suppleant
1547 5029 1661 5090 preces
1674 5017 1807 5076 uostrae.

1021 5113 1139 5172 Datum
1154 5109 1320 5183 Laterani,
1333 5113 1409 5172 lilii
1419 5109 1578 5196 kalendas
1587 5111 1708 5184 martii,
1721 5127 1808 5174 anno

178 5215 262 5278 quas
275 5199 353 5260 illos
369 5201 464 5262 extra
478 5215 567 5278 saepe
582 5200 686 5264 dictos
698 5202 858 5266 terminos
872 5219 968 5267 occu·
1020 5207 1157 5268 decimo.

322 5725 438 5770 saraca.
456 5727 530 5772 roim
549 5713 582 5776 V.
