4174 6324
171 360 210 420 17
790 351 1020 414 EPISTOLAE.
1043 355 1123 414 LlB.
1147 353 1187 412 X.
1768 353 1807 412 18

169 515 254 576 nulli
269 514 405 576 omnino
416 513 587 574 hominum
600 513 700 576 liceat
714 512 886 590 praefatum
900 528 964 574 coe·

168 613 305 674 uobium
324 613 448 672 temere
472 611 676 686 perturbare,
703 612 760 672 aut
783 613 855 686 ejus
880 626 961 686 pos-

168 709 337 769 sessiones
373 708 524 778 auferra,
554 709 607 768 vel
643 707 772 768 ablatas
804 708 960 776 retinere,

168 807 340 874 minuere,
380 819 440 864 seu
484 803 684 879 quibuslibet
729 801 962 864 vexationibus

167 901 322 977 fatigare,
339 900 396 960 sed
412 901 522 960 omnia
543 901 672 974 integra
690 903 723 960 et
741 899 867 960 illibata
888 913 962 958 ser-

166 1001 290 1059 ventur
301 997 436 1066 eisdem,
450 1012 508 1074 pro
522 1013 660 1072 quorum
673 995 913 1071 gubernatione
923 1009 963 1054 ac

166 1094 422 1162 sustentatione,
440 1093 531 1154 salva
551 1093 644 1152 Sedis
659 1093 855 1168 Apostolicae
878 1108 961 1152 auc-

167 1192 314 1262 toritate,
345 1192 378 1252 et
406 1189 587 1250 dioecesani
622 1190 769 1266 episcopi
802 1188 962 1250 canonica

162 1287 307 1364 justitia,
321 1287 397 1358 etc,
413 1302 521 1360 usque
535 1286 712 1361 generalis.
736 1286 770 1346 Si
784 1301 847 1362 qua
860 1285 963 1360 igitur

166 1384 204 1444 in
231 1382 377 1445 futurum
403 1383 627 1446 ecclesiastica
652 1383 866 1444 saecularisve
887 1397 963 1458 per-

167 1497 263 1552 sona,
283 1481 368 1540 hanc
393 1483 515 1541 nostran
540 1480 784 1542 constitutionis
806 1479 961 1556 paginam

1016 513 1126 589 ipsum
1136 509 1415 588 negotiumbonis
1431 509 1514 572 viris
1529 509 1734 572 committere
1746 509 1807 572 sub

1017 610 1080 670 hac
1096 609 1211 679 forma,
1228 609 1263 668 ut
1277 608 1431 668 videlicet
1444 609 1531 668 idem
1547 603 1657 668 comes
1673 609 1807 684 praesta·

1017 707 1068 767 ret
1103 707 1138 766 in
1175 721 1289 766 eorum
1325 705 1478 764 manibus
1508 707 1732 780 jnramentum
1768 706 1808 768 de

1017 804 1135 864 stando
1158 802 1322 864 mandatis
1358 801 1514 862 Ecclesiae
1541 818 1640 877 super
1667 802 1721 873 iis,
1747 819 1807 877 pro

1017 899 1135 977 quibus
1148 901 1183 958 in
1195 917 1269 958 eum
1283 898 1809 960 sententiaexcommunicationis*

1017 997 1086 1058 lata
1100 997 1172 1063 fuit,
1190 1012 1229 1056 ac
1255 996 1374 1055 deinde
1394 997 1569 1071 praestaret
1584 995 1623 1054 de
1647 996 1809 1055 manifes-

1016 1095 1059 1154 tis
1074 1093 1257 1162 emendam,
1276 1107 1314 1152 ao
1330 1092 1370 1152 de
1386 1092 1531 1167 parendo
1543 1092 1614 1168 juri
1634 1107 1734 1168 super
1745 1093 1808 1152 du-

1016 1190 1080 1249 biis
1115 1189 1288 1250 exhiberet
1314 1189 1465 1248 idoneam
1501 1189 1708 1262 cautionem;
1743 1205 1808 1265 quo

1017 1287 1114 1358 facto,
1127 1287 1345 1347 absolutionis
1355 1286 1551 1346 beneficium
1563 1287 1811 1362 impenderetur

1017 1383 1136 1456 eidem,
1154 1385 1186 1445 et
1201 1383 1444 1460 consequenter
1460 1383 1499 1444 de
1514 1383 1623 1444 dubiis
1640 1383 1810 1458 congnitio

1017 1479 1205 1550 haberetur,
1220 1480 1252 1540 et
1262 1481 1465 1541 statueretur
1473 1479 1557 1556 quod
1571 1481 1721 1556 posceret
1729 1479 1810 1540 ordo

167 1579 291 1648 sciens,
304 1577 419 1638 contra
432 1593 505 1636 eam
515 1578 639 1638 temere
650 1577 764 1637 venire
774 1576 960 1646 tentaverit,
1012 1579 1111 1653 juris.
1128 1579 1167 1638 lit
1181 1577 1252 1637 haec
1271 1577 1380 1637 omnia
1397 1577 1493 1636 dictis
1518 1576 1644 1636 nuntiis
1664 1575 1807 1649 benigna

167 1673 315 1736 secundo
338 1673 479 1734 tertiove
505 1673 716 1745 commonita,
743 1673 809 1732 nisi
832 1673 961 1733 reatum

165 1786 265 1830 sunm
285 1785 433 1846 congrua
449 1770 675 1831 satisfactione
690 1769 884 1839 correxerit,
903 1785 963 1844 po-

167 1866 298 1928 testatis
332 1867 533 1942 honorisque
563 1866 614 1924 sui
648 1868 761 1926 careat
789 1866 960 1940 dignitate,

165 1979 325 2038 reamque
343 1979 379 2022 se
401 1963 514 2023 divino
530 1961 656 2036 judicio
671 1963 814 2022 existere
830 1962 870 2022 de
886 1977 963 2037 per-

166 2060 298 2136 petrata
319 2059 495 2134 iniquitate
516 2061 703 2134 cognoscat,
720 2059 753 2119 et
767 2074 786 2118 a
800 2059 960 2131 sacratis-

165 2157 252 2216 simo
274 2171 428 2232 corpore,
447 2156 527 2226 etc,
548 2171 654 2229 usque
677 2156 807 2216 ultioni.
829 2154 961 2216 Cunctis

165 2253 278 2312 autem
300 2252 407 2312 eidem
429 2252 513 2322 loca,
538 2254 613 2323 etc„
635 2266 741 2324 usque
756 2251 848 2328 pacis
867 2251 963 2312 inve-

164 2348 271 2409 niant.
286 2353 401 2408 Amen.
419 2353 533 2408 Amen.

205 2447 325 2506 Datum
348 2446 461 2516 Reate,
485 2459 545 2520 per
568 2457 686 2504 manus
710 2444 862 2519 magistri
882 2443 963 2502 Gui-

165 2542 262 2604 donis
288 2541 413 2602 domini
426 2557 519 2618 papae
541 2542 675 2612 notarii,
691 2543 721 2600 Χ
737 2541 897 2602 kalendas
912 2539 962 2599 fe-

162 2638 304 2710 bruarii,
327 2638 509 2699 indictione
527 2640 613 2705 XIV,
637 2639 880 2700 Incarnationis
895 2641 963 2698 Do-

164 2736 297 2796 minicae
307 2750 394 2795 anno
412 2736 585 2795 MGCXXV
596 2733 649 2813 (l),
659 2734 869 2811 pontificatus
882 2749 962 2796 vero

165 2831 291 2894 domini
312 2832 452 2893 Honorii
467 2847 561 2908 papae
577 2833 623 2892 Ill
638 2847 724 2894 anno
741 2833 879 2894 decimu.

463 3089 657 3174 LXXXIX

289 3240 340 3298 Ad
363 3241 582 3299 Pindaricum
600 3241 837 3299 Romanorum

434 3337 693 3408 torperotorem.
746 3341 750 3352 '

432 3464 468 3520 al
479 3463 603 3536 januarii
619 3464 698 3522 illo.

263 3549 543 3650 [bellimontensem
553 3587 615 3636 rust.
626 3587 787 3650 amioum,
800 3585 868 3650 vm]

166 3708 312 3766 Friderico
338 3713 532 3768 Romanorum
560 3712 725 3783 imperatori
750 3711 863 3768 nuntiat
888 3725 958 3782 quo-

199 3797 286 3854 modo
298 3813 397 3868 preces
412 3800 474 3870 eius
484 3814 570 3870 super
585 3799 762 3856 absolutione
776 3799 888 3856 comitis
899 3799 959 3854 Tri·

202 3885 320 3957 politaui
338 3885 487 3943 admittere
508 3901 565 3942 non
579 3890 680 3959 putuit,
694 3901 758 3944 curn
777 3887 867 3943 nuntii
883 3887 958 3959 ejus·

201 3972 268 4029 dern
283 3975 396 4031 comilis
417 3973 595 4031 conditiones
610 3989 625 4030 a
643 3973 834 4032 cardinalibus
851 3975 960 4032 oblatas

201 4063 490 4134 reciperenoluerint.

203 4187 384 4260 Honorius,
412 4189 487 4259 etc,
518 4189 700 4260 Friderico,
726 4190 827 4250 etc...

206 4285 311 4360 Super
324 4284 531 4346 absolutione
542 4285 959 4361 veroTripolitanicomitis

162 4383 221 4442 tua
247 4383 378 4442 noverit
402 4381 581 4452 celsitudo,
608 4383 694 4458 quod
718 4383 825 4458 ipsius
853 4383 959 4443 comi-

162 4476 208 4536 tis
216 4477 324 4537 nuntii
335 4477 500 4552 petierant
512 4477 662 4553 quaedum
670 4478 740 4554 juri
756 4481 789 4538 et
800 4479 959 4538 Ecclesiae

162 4575 322 4633 Romanae
338 4575 567 4634 consuetudini
584 4575 956 4650 contrariamanifeste3

162 4669 251 4730 unde
273 4670 351 4730 licet
369 4685 485 4746 preces
502 4673 577 4732 tuas
599 4671 740 4732 velimus
767 4687 908 4747 semper,
924 4672 958 4731 iu

162 4765 578 4842 quihussecundumoeum
588 4783 773 4843 possumus,
784 4768 955 4840 exaudire,

161 4862 372 4938 nequivimus
393 4863 506 4924 tamen
519 4864 666 4940 ipsorum
682 4865 874 4940 petitionem
886 4866 956 4926 ad-

161 4959 294 5020 mittere
312 4959 515 5031 nuntiorum,
525 4959 624 5036 idque
635 4961 887 5036 circumspectio
900 4962 957 5022 tua

162 5069 252 5129 aegre
273 5055 361 5116 ferre
389 5071 457 5116 non
481 5056 588 5129 debet,
614 5073 688 5117 cum
715 5073 781 5117 non
805 5057 899 5128 velis,
921 5061 958 5118 ut

161 5151 339 5223 credimus,
357 5152 442 5228 quod
467 5151 555 5229 juris
580 5154 696 5230 scripti
716 5155 749 5214 et
768 5153 956 5230 approbatae

161 5249 413 5310 consuetudinis
429 5249 578 5310 ordinem
594 5251 845 5310 confundamus.
863 5252 956 5314 Licet

160 5348 273 5407 autem
295 5345 383 5406 idem
410 5361 520 5406 comes
536 5346 636 5406 etiam
657 5347 731 5423 ipsa
751 5347 956 5410 exhibitione

157 5441 311 5516 justitiae,
329 5443 464 5517 propter
484 5443 599 5513 multa,
619 5459 692 5518 quae
716 5460 804 5507 nunc
822 5446 955 5506 narrari

160 5553 228 5598 non
246 5537 390 5622 expedit,
411 5538 594 5600 reddiderit
615 5555 650 5600 sa
674 5540 859 5615 indignum,
874 5545 953 5602 tua-

159 5650 234 5708 rum
251 5633 362 5696 tamen
383 5651 516 5711 precum
532 5635 653 5698 intuitu
668 5635 834 5698 voluimus
848 5638 952 5700 totum

1017 1673 1195 1734 obtulimus
1206 1690 1265 1750 per
1275 1673 1498 1734 venerabilem
1509 1673 1645 1733 fratrem
1658 1675 1808 1733 nostrum

1017 1773 1069 1842 Η.,
1089 1773 1280 1846 episcopum
1300 1771 1521 1841 Hostiensem,
1538 1785 1577 1830 ac
1596 1770 1752 1830 dilectum
1768 1768 1810 1827 fl-

1016 1867 1098 1927 lium
1113 1871 1263 1927 nostrum
1277 1870 1326 1938 G,
1337 1867 1425 1928 tituli
1440 1867 1552 1928 Sancti
1567 1867 1702 1927 Martini
1715 1882 1810 1941 pres-

1015 1964 1183 2040 byterum,
1212 1965 1244 2024 et
1270 1965 1465 2038 Gregorium
1498 1963 1610 2024 Sancti
1645 1962 1810 2023 Theodori

1017 2061 1192 2122 diaconum
1204 2059 1402 2132 cardinales,
1413 2078 1432 2120 a
1445 2061 1563 2135 quibus
1577 2059 1709 2120 eosdem
1722 2077 1810 2119 nuu-

1016 2159 1081 2220 tios
1099 2158 1208 2218 audiri
1225 2157 1362 2218 lecimus
1378 2158 1566 2232 diligenter,
1583 2173 1657 2217 cum
1675 2173 1742 2217 non
1762 2157 1807 2217 sit

1017 2255 1276 2325 consuetudinis,
1308 2254 1393 2330 quod
1431 2257 1600 2314 Romanus
1639 2253 1805 2326 Pontifex,
1861 2309 1865 2316 .

1016 2353 1083 2412 nisi
1098 2368 1157 2428 per
1177 2351 1407 2428 interpositam
1429 2367 1617 2427 personam,
1638 2350 1678 2410 ad
1701 2349 1808 2411 collo-

1016 2447 1809 2526 quiumexcommunicatosadmittat;ipsiautem

1016 2547 1124 2608 nuntii
1145 2547 1303 2622 praedicta
1327 2547 1478 2622 recipere
1499 2545 1692 2616 renuerunt,
1709 2561 1809 2605 asse-

1015 2647 1127 2705 rentes
1148 2659 1183 2704 se
1209 2643 1251 2704 ad
1275 2643 1338 2704 boc
1366 2658 1433 2704 non
1456 2642 1580 2704 habere
1604 2641 1807 2714 mandatum,

1016 2757 1078 2802 nec
1104 2757 1177 2808 nos,
1204 2741 1240 2801 ut
1260 2740 1492 2816 praediximus,
1508 2739 1675 2815 potuimus
1698 2738 1809 2800 lacere

1016 2839 1103 2916 quod
1122 2836 1288 2914 petebant,
1303 2853 1378 2898 cum
1400 2837 1457 2896 ubi
1472 2837 1583 2911 agitur
1604 2836 1645 2898 de
1663 2836 1806 2913 justitia,
1850 2887 1854 2915 =.

1016 2935 1133 3011 gratiae
1166 2935 1201 2994 in
1234 2934 1372 2994 alterius
1404 2933 1562 3009 injuriam
1586 2948 1654 2994 non
1682 2933 1725 2994 sit
1757 2931 1810 2992 lo-

1017 3049 1086 3102 cus,
1104 3033 1204 3093 etc...
1231 3031 1348 3092 Datum
1365 3032 1479 3102 Reate,
1501 3033 1546 3090 IX
1567 3029 1729 3092 kalendas
1753 3028 1808 3090 fe-

1016 3129 1253 3200 bruerii,anno
1264 3128 1403 3188 decimo.

1381 3379 1444 3464 XG

1055 3529 1107 3587 Ad
1120 3527 1274 3588 abbatem
1292 3527 1327 3586 et
1344 3527 1550 3587 coracesium
1564 3526 1770 3587 rnonostcrtt

1304 3626 1346 3684 de
1358 3623 1525 3684 Paraclet.

1279 3753 1314 3810 24
1325 3753 1449 3825 januarii
1463 3753 1541 3810 1226.

1149 3875 1253 3940 [Regist.
1267 3874 1416 3926 monasterii
1427 3875 1458 3924 de
1470 3873 1594 3932 Passelet,
1607 3873 1675 3940 aaa]

1016 4001 1127 4060 luhlbet
1144 4017 1181 4058 ne
1202 4001 1330 4073 episcopi
1342 4001 1388 4060 vel
1410 3999 1548 4058 officiales
1565 4015 1665 4058 eorum
1680 3999 1808 4059 subditas

1050 4090 1224 4146 monasterio
1234 4090 1371 4146 ecclesias
1386 4089 1510 4146 audeant
1522 4087 1731 4160 inrecipiendis
1740 4105 1806 4160 pro·

1050 4177 1242 4234 curationibus
1257 4177 1328 4233 ultra
1342 4183 1468 4232 taxatum
1484 4177 1513 4232 in
1533 4175 1718 4232 Lateranensi
1734 4177 1807 4234 Cou-

1049 4265 1114 4320 citio
1137 4277 1323 4335 personarum
1339 4271 1366 4320 et
1382 4263 1563 4320 evectionum
1580 4277 1731 4330 numerum
1753 4277 1807 4334 ug-

1049 4366 1181 4424 gravare.

1053 4475 1220 4538 Honorius
1232 4477 1417 4552 episcopus,
1428 4475 1805 4546 servusservorumDei,

1014 4573 1142 4634 dilectis
1155 4573 1234 4632 filiis
1247 4571 1357 4632 abbati
1373 4576 1406 4633 et
1420 4572 1597 4632 conventui
1612 4572 1807 4634 monasterii

1013 4670 1053 4730 de
1074 4669 1234 4740 Passelet,
1252 4668 1481 4728 Cluniacensis
1505 4669 1642 4740 ordinis,
1667 4668 1807 4730 salutem

1012 4768 1045 4828 et
1059 4767 1282 4843 Apostolicam
1295 4765 1568 4826 benedictionem.

1053 4865 1132 4924 Cum
1144 4879 1162 4923 e
1173 4862 1397 4924 membrorum
1409 4862 1603 4936 gravamine
1617 4863 1716 4938 caput
1728 4878 1808 4924 con-

1012 4960 1122 5022 doleat
1132 4961 1165 5021 et
1179 4976 1222 5022 ex
1232 4959 1364 5020 illorum
1381 4958 1617 5020 afflictionibus
1633 4959 1808 5035 perturbe-

1011 5057 1076 5128 tur,
1097 5073 1158 5118 nos
1185 5057 1288 5134 quieti
1309 5057 1429 5118 vestrae
1452 5057 1486 5118 iu
1504 5058 1691 5118 vestrorum
1712 5059 1807 5118 tran-

1012 5155 1170 5231 quillitati
1196 5153 1418 5214 membrorum
1444 5153 1618 5228 providere
1643 5153 1803 5228 volentes,

1011 5253 1208 5313 auctoritate
1228 5251 1442 5326 praesentium
1466 5249 1650 5310 districtius
1669 5250 1804 5312 inhibe-

1010 5363 1095 5420 mus,
1113 5365 1154 5409 ne
1170 5349 1274 5424 aliqui
1287 5347 1436 5424 episcopi
1448 5347 1502 5408 vel
1513 5345 1673 5408 officiales
1691 5361 1805 5408 eorum

1010 5445 1159 5506 subditas
1179 5445 1272 5506 vobis
1305 5444 1464 5505 ecclesias
1490 5443 1633 5504 audeant
1654 5444 1689 5502 in
1711 5442 1802 5502 reci-

1009 5542 1139 5618 piendis
1166 5541 1467 5618 procurationibus,
1489 5541 1576 5600 ultra
1595 5539 1743 5602 taxatum
1768 5538 1804 5600 in

1009 5639 1227 5702 lateranensi
1243 5638 1391 5700 Concilio
1410 5651 1627 5714 personarum
1649 5635 1681 5696 et
1706 5651 1804 5698 evec-
