4114 6322
264 317 306 377 95
878 304 1056 368 HONORII
1077 303 1124 364 111
1145 303 1293 366 OPERA.
1867 302 1908 362 96

264 469 457 536 31333311331
482 471 601 532 vestrae
629 483 688 545 per
715 465 904 543 3333131133
932 464 1056 542 scripta

266 572 472 640 mandantes,
487 565 817 644 quatenusineadem
833 579 946 632 causa,
958 563 1057 638 juxta

265 669 413 746 priorum
436 667 624 726 litterarum
650 662 899 732 continentiam,
926 661 1057 722 ratione

265 765 390 842 praevia
414 761 611 840 procedatis.
638 760 728 832 Quod
751 759 780 819 si
793 774 861 818 non
877 773 990 818 omnes
1003 757 1056 816 bis

267 859 500 939 exsequendis,
511 859 572 920 313.
588 860 706 919 Datum
721 855 888 926 Laterani,
897 857 972 915 Vlll
987 853 1053 914 kal.

262 959 361 1036 junii,
379 973 466 1019 anno
482 955 691 1032 pontificatus
707 953 812 1015 nostri
828 952 965 1013 decimo.

616 1193 713 1280 CLV

266 1353 318 1411 aot
340 1351 536 1424 episcopam
563 1347 596 1405 et
624 1345 832 1420 magistrum
863 1347 1057 1404 scholarum

306 1447 573 1508 Cenomanensis
590 1446 755 1509 diaecesis,
771 1442 806 1502 et
819 1441 1059 1513 archipresby-

306 1545 421 1605 terum
435 1546 678 1617 senonensem.

566 1669 583 1728 2
595 1669 668 1741 jonii
682 1667 760 1724 1116.

299 1797 420 1861 [liegest.‚
430 1794 476 1844 lib.
487 1793 519 1852 X,
530 1791 603 1856 epist.
615 1791 671 1840 292.
686 1791 743 1840 llss.
754 1789 873 1838 LaPorta
883 1789 918 1838 du
933 1787 1026 1854 rheu]

267 1921 383 1982 Mandat
406 1920 448 1976 eis
470 1925 501 1974 ut
523 1917 678 1974 canonicos
706 1915 769 1970 illos
793 1913 922 1970 ecclesie
947 1914 1058 1970 Sancta
1101 1983 1107 1996 ἱ

302 2010 399 2068 llarie
422 2005 575 2073 blesensis,
598 2004 646 2076 qui
675 2009 789 2074 propter
813 2001 1058 2072 participationem

302 2097 418 2156 sceleris
455 2093 591 2150 adversus
624 2093 774 2148 Horreum
807 2090 898 2161 ipsius
930 2089 1059 2146 ecclesie

303 2183 446 2258 quondam
462 2181 592 2237 abbatem
609 2185 783 2250 perpetrato,
802 2177 829 2232 13
844 2191 988 2233 carcerem
1007 2175 1057 2233 de·

302 2270 433 2330 trudendi
449 2275 538 2338 erant,
552 2266 587 2323 ab
600 2267 653 2323 isto
669 2266 842 2322 monastario
864 2266 950 2338 louge
964 2272 1056 2322 trans·

305 2361 370 2417 13331
384 2359 498 2416 iaciant.

307 2495 473 2558 Honorius
484 2492 669 2568 episcopus,
680 2505 797 2552 servus
807 2503 978 2550 servorum
987 2490 1058 2558 Dei,

266 2585 1058 2663 venerabilifratri..episcop0‚etdileotisfiliis...

267 2689 426 2765 magistro
443 2685 630 2746 scholarum
640 2682 891 2755 Cenomanensi,
902 2683 986 2752 et...,
1000 2698 1059 2743 ar-

268 2784 518 2862 chipresbytero
554 2780 753 2856 Sagonensi,
793 2781 1060 2840 Cenomanensis

266 2883 432 2952 dioecesis,
456 2879 596 2940 salutern
614 2880 647 2939 et
660 2877 883 2954 Apostolicam
903 2877 1061 2938 benedic-

267 2981 402 3044 tionem.

305 3077 451 3139 Dilectus
474 3073 601 3134 illius...
627 3071 729 3134 abbas
760 3070 910 3132 ecclesias
931 3071 1060 3133 Sanctae

266 3175 383 3237 Mariae
400 3170 568 3233 Blesensis
583 3185 644 3228 sua
664 3167 759 3229 nobis
774 3168 933 3244 petitione
948 3183 1061 3228 mons-

266 3271 379 3337 travit,
401 3267 487 3344 quod
511 3281 585 3326 333
607 3281 667 3341 333
680 3263 905 3326 venerabilem
924 3263 1059 3326 1331333

267 3370 454 3432 3331333...
472 3363 663 3440 331333333
679 3361 924 3433 carnotensem,
942 3363 1060 3438 atejus

268 3467 412 3541 collegas
432 3461 680 3537 inquisitionem
702 3459 775 3519 llari
794 3457 1060 3519 mandaverimus

269 3577 368 3639 super
377 3576 416 3620 33
429 3557 515 3636 quod
525 3556 678 3618 canonici
690 3555 836 3632 ejusdem
848 3556 997 3616 ecclesiae
1006 3555 1061 3617 bo·

268 3676 320 3722 nae
336 3655 503 3720 memoriae
517 3656 693 3714 llervaeum
713 3653 861 3728 ejusdem
879 3652 1060 3714 lociabba-

266 3759 335 3820 133
354 3753 461 3815 333131
479 3749 710 3826 procurarunt,
726 3748 856 3809 diabolo
868 3749 1057 3827 instigante,

267 3853 332 3932 ipsi
355 3851 496 3913 veritate
520 3849 686 3922 comperta
711 3847 871 3922 quosdam
885 3847 1018 3907 illorum
1040 3865 1060 3910 a

268 3949 338 4010 suis
370 3944 541 4007 ordinibus
566 3942 794 4017 degradandos
819 3943 977 4019 quosdam
1000 3960 1058 4005 re-

266 4043 448 4110 trudendos
469 4042 504 4101 13
526 4055 704 4113 33333333,
719 4041 752 4099 31
767 4039 925 4115 quosdam
946 4041 1060 4102 trans-

268 4138 478 4205 ferendosad
493 4137 647 4198 arctioris
663 4135 835 4212 religionis
857 4138 1060 4199 monasteria

267 4239 496 4304 decreverunt.
522 4235 615 4298 Unde
637 4234 724 4294 idem
751 4233 852 4294 abbas
876 4235 972 4296 nobis
996 4236 1060 4295 bu-

267 4340 390 4402 militer
416 4333 615 4414 supplicavit
634 4333 669 4392 ut
691 4346 765 4392 cum
790 4347 857 4394 non
885 4333 929 4393 sit
952 4335 1059 4394 13133

268 4455 343 4509 eos,
363 4435 433 4514 ‚qui
466 4435 542 4494 sunt
576 4431 610 4490 in
647 4445 814 4490 carcerem
846 4429 1057 4504 retrudendi,

267 4535 345 4614 poni
376 4533 472 4610 13313
498 4528 735 4590 monasterium
762 4543 869 4600 suum,
902 4544 941 4589 eo
972 4529 1058 4606 quod

267 4632 348 4694 illud
386 4643 445 4706 per
477 4626 738 4706 propinquorum
772 4639 908 4684 suorum
942 4627 1059 4700 poten·

266 4731 347 4791 tiam
369 4725 503 4802 gravius
525 4721 758 4799 perturbarent
779 4735 879 4796 super
905 4721 967 4782 boc
980 4737 1059 4796 pro-

266 4825 380 4888 videre
402 4819 579 4881 salubriter
599 4818 823 4892 dignaremur,
841 4817 1058 4878 nibilominus

265 4917 481 5002 providendo,
505 4917 542 4977 31
570 4915 658 4974 1333
689 4913 926 4974 monasterium
960 4915 1058 4975 citius

266 5017 467 5083 exoneretur
481 5011 522 5074 ab
538 5010 607 5070 illis
622 5010 767 5086 quisunt
784 5009 824 5070 ad
841 5009 907 5070 alia
920 5027 1057 5072 monas-

265 5117 351 5180 teria
365 5098 598 5178 transterendi,
616 5109 648 5169 31
663 5109 699 5168 31
713 5107 840 5168 3311113
856 5109 1060 5185 propinquo-

266 5229 341 5276 rum
369 5211 535 5287 ipsorum,
562 5205 618 5283 qni
644 5203 792 5280 graviter
815 5204 1059 5266 comminantur

266 5306 468 5372 3333313313
491 5301 656 5364 antedicto
672 5299 713 5361 ab
736 5299 883 5376 ejusdem
907 5301 1059 5364 molestia

266 5397 1059 5482 compescatur.Quocircamandamus,quatenus

267 5519 325 5566 333
342 5501 400 5580 qui
417 5499 495 5562 sunt
513 5497 548 5557 in
572 5510 739 5558 33333333
754 5494 947 5558 retrudendi
961 5495 1059 5574 longe

267 5601 308 5664 ab
325 5601 396 5676 ipso
409 5579 611 5658 3333313313
627 5595 847 5666 carcerantes,
865 5594 897 5656 31
910 5595 1057 5657 1333313-

1113 461 1216 523 33333
1245 459 1287 522 33
1315 459 1382 522 3113
1412 460 1614 522 3333313313
1644 456 1845 522 collocantes
1869 459 1906 520 in

1111 559 1203 630 locis,
1221 558 1256 618 in
1272 557 1390 635 quibus
1402 557 1552 618 videritis
1572 557 1741 633 expedire,
1756 557 1906 632 ipsorum

1112 657 1259 716 locorum
1275 655 1431 732 praelatos
1454 655 1493 714 ad
1514 655 1742 730 recipiendum
1760 653 1903 724 eosdem,

1111 752 1293 812 monitione
1312 751 1495 826 praemissa,
1517 765 1771 826 percensuram
1795 749 1906 810 ecole-

1112 848 1292 919 siasticam,
1318 847 1346 907 si
1371 863 1507 915 necesse
1531 846 1642 917 133311,
1667 847 1903 923 33333113333,

1112 945 1275 1006 31313333
1291 945 1526 1006 canonicorum
1547 944 1761 1020 propinquos,
1775 944 1807 1004 et
1822 959 1907 1004 com-

1111 1043 1215 1118 plices
1251 1041 1440 1102 eorumdem
1476 1039 1516 1100 ab
1551 1039 1765 1100 infestatione
1799 1040 1906 1116 ipsius

1112 1138 1317 1209 monasterii,
1342 1138 1524 1198 monitione
1548 1137 1731 1214 praemissa,
1748 1152 1808 1212 per
1827 1153 1909 1198 ceu-

1112 1252 1224 1296 suram
1244 1235 1404 1305 eamdem,
1422 1233 1551 1294 sublato
1570 1233 1805 1309 appellationis
1825 1233 1905 1293 obs-

1111 1332 1232 1404 taculo,
1246 1331 1463 1406 compellatis,
1477 1331 1640 1400 invocato,
1652 1331 1681 1390 si
1696 1345 1779 1406 opus
1794 1329 1905 1402 133311,

1112 1430 1154 1490 33
1188 1443 1303 1490 33333
1333 1427 1495 1490 33111133
1528 1427 1744 1488 coercendam
1779 1427 1906 1487 auxilio

1112 1525 1241 1588 brachii
1264 1525 1446 1586 saecularis.
1464 1524 1555 1596 Quod
1571 1525 1600 1584 si
1615 1541 1681 1586 non
1700 1539 1825 1596 33333,
1842 1523 1904 1584 313.

1113 1624 1232 1684 Datum
1267 1621 1439 1694 Laterani,
1470 1623 1514 1683 IV
1547 1635 1653 1681 nonas
1683 1619 1784 1698 junii,
1818 1635 1906 1681 anno

1114 1719 1253 1781 decimo.

1454 1869 1570 1956 CLVI

1237 2021 1289 2080 Ad
1303 2021 1533 2090 Frtdertcom,
1548 2023 1783 2081 Rornanomnn

1379 2117 1637 2190 imperatorem.

1275 2243 1403 2318 (absque
1421 2246 1506 2318 signo
1521 2243 1747 2318 chronologico.)

1197 2366 1334 2432 [11333313
1350 2367 1442 2418 Annal.
1456 2369 1588 2418 33313333
1605 2381 1664 2418 ann.
1678 2367 1746 2428 1227,
1761 2369 1822 2432 111]

1115 2493 1156 2550 De
1170 2491 1232 2564 ipso
1249 2491 1434 2549 veliementer
1448 2495 1639 2566 conqueritur,
1659 2493 1733 2565 quod
1749 2493 1908 2551 Ecclesiam

1151 2581 1308 2637 Romanam
1339 2579 1487 2638 dillamare
1515 2583 1628 2649 nitatur,
1657 2582 1740 2653 cujus
1768 2580 1908 2637 benellcia

1149 2683 1219 2739 erga
1247 2669 1341 2739 ipsum
1370 2677 1534 2738 enumerat,
1560 2677 1719 2740 caeteraqus
1743 2669 1906 2741 exprobrat,

1150 2769 1273 2812 monens
1288 2770 1324 2812 ne
1338 2755 1417 2812 illum
1433 2769 1567 2828 prospers
1582 2756 1720 2814 seducant
1734 2763 1764 2814 et
1783 2755 1908 2813 adebils

1150 2841 1302 2900 devotione
1315 2851 1490 2902 removeant.

1154 2977 1356 3040 «Friderieo
1372 2981 1596 3041 Romanorum
1611 2979 1804 3056 imperatori
1819 2993 1910 3039 sem-

1115 3091 1173 3154 per
1188 3077 1328 3152 augusto
1344 3079 1377 3137 31
1392 3077 1463 3152 rogi
1480 3077 1615 3138 Siciliae.

1154 3189 1173 3232 3
1201 3173 1355 3234 Μ133333
1380 3174 1447 3234 1313
1482 3173 1636 3234 sensibus
1669 3173 1782 3234 nostra
1817 3171 1910 3234 venit

1115 3269 1265 3346 epistola,
1276 3269 1563 3346 utscripsisti,sed
1575 3269 1911 3330 mirabiliortuanos-

1114 3366 1186 3427 tris.
1216 3368 1302 3427 Sane
1330 3367 1359 3426 si
1388 3370 1509 3428 333133
1538 3368 1668 3442 paginae
1690 3365 1792 3429 verba
1816 3367 1908 3443 justo

1115 3461 1272 3524 librasses
1296 3463 1461 3536 examine,
1486 3463 1514 3523 si
1534 3463 1678 3524 litteram
1702 3463 1742 3523 ad
1766 3463 1908 3523 rivalem

1115 3575 1260 3632 sensum,
1286 3560 1466 3636 postposito
1489 3563 1639 3636 conjuge,
1656 3575 1722 3620 non
1746 3559 1908 3620 traxisses

1114 3655 1306 3733 interpretis
1320 3671 1387 3716 333
1402 3657 1547 3732 33333311
1565 3657 1703 3732 judicio,
1723 3657 1908 3718 invenisses

1115 3753 1253 3824 inillis,
1279 3753 1365 3814 unde
1390 3753 1557 3830 spirituali
1581 3755 1668 3830 patri
1693 3753 1856 3815 tenereris
1876 3755 1909 3814 et

1115 3849 1223 3911 matri.
1240 3852 1318 3911 Tuae
1334 3850 1465 3926 quidem
1480 3840 1576 3911 terior
1591 3850 1739 3926 epistolae
1753 3851 1906 3912 contine-

1114 3945 1180 4018 bat,
1210 3947 1296 4023 quod
1322 3947 1444 4022 praeter
1472 3947 1618 4007 omnium
1647 3947 1849 4022 opinionem,
1876 3949 1909 4010 31

1115 4043 1257 4104 33331113
1278 4043 1476 4120 principum,
1496 4045 1532 4104 ut
1550 4044 1616 4104 1313
1631 4043 1741 4104 verbis
1763 4045 1905 4118 utamur,

1114 4140 1906 4217 teinvenimusadbeneplacltanostraparatnm,

1113 4238 1161 4298 113
1176 4238 1212 4298 31
1232 4237 1344 4296 331133
1366 4237 1647 4313 praedecessornm
1673 4239 1805 4300 tuorum
1829 4239 1906 4299 ullis

1114 4335 1203 4396 retro
1228 4334 1431 4410 temporibus
1453 4335 1621 4396 recolatur
1644 4335 1726 4396 adeo
1750 4335 1907 4397 Ecclesiae

1114 4430 1218 4492 131333
1237 4431 1386 4492 3333133.
1405 4431 1468 4491 Sed
1484 4431 1524 4492 da
1540 4431 1746 4508 principibus
1762 4449 1828 4494 non
1843 4433 1909 4493 ali-

1113 4527 1165 4588 ter
1190 4544 1233 4589 ex
1254 4527 1307 4588 his
1331 4527 1441 4589 verbis
1465 4527 1717 4590 informabimus
1745 4531 1905 4603 animum,

1114 4641 1211 4702 quam
1245 4625 1425 4700 probabilis
1459 4625 1638 4687 credulitas
1671 4625 1794 4688 babeat
1828 4626 1908 4688 13311

1113 4721 1339 4798 experimento
1355 4721 1504 4798 probata,
1521 4722 1562 4782 de
1577 4723 1695 4800 quibus
1708 4725 1907 4800 3333131333

1115 4818 1209 4878 Sedis
1234 4819 1420 4880 constantia
1444 4821 1534 4881 recte
1559 4821 1725 4896 opinionis
1742 4821 1908 4897 judicium

1114 4915 1260 4977 sinistrae
1272 4897 1495 4992 suggestionis
1507 4917 1667 4978 instantia
1679 4933 1744 4978 non
1755 4917 1906 4992 mutabit,

1114 5011 1289 5074 33313313
1305 5013 1511 5090 praeferenda
1537 5014 1603 5075 sint
1626 5013 1734 5087 dictis,
1761 5017 1793 5076 et
1816 5017 1908 5077 certa

1113 5111 1332 5187 praeiudicant
1362 5111 1524 5188 positivis.
1560 5114 1644 5173 Ecca
1682 5111 1721 5172 de
1756 5111 1907 5174 archivio

1113 5207 1271 5268 Ecclesiae
1286 5201 1488 5268 monimenta
1503 5207 1635 5284 publica
1646 5207 1820 5283 prodeunt,
1833 5225 1907 5286 quae

1114 5303 1299 5379 sigillorum
1310 5319 1404 5380 paene
1416 5305 1563 5365 omnium
1578 5303 1764 5381 principum
1780 5305 1908 5367 munita

1114 5399 1295 5475 signaculis
1311 5401 1501 5478 opinionem
1513 5401 1701 5478 repudiant,
1714 5417 1811 5478 quam
1822 5401 1908 5464 13313

1113 5497 1238 5559 3133313
1253 5497 1406 5574 ingerere
1423 5499 1538 5560 contra
1555 5497 1643 5570 illos,
1659 5513 1698 5558 eo
1712 5497 1798 5575 quod
1813 5500 1906 5560 veri-

1114 5594 1299 5658 similitudo
1313 5611 1379 5656 non
1400 5593 1518 5670 3331311
1538 5593 1647 5656 133133
1668 5595 1700 5656 31
1719 5595 1802 5656 13133
1818 5597 1907 5656 31333
