4114 6322
248 272 310 351 ros,
863 274 1038 340 nosoau
1059 275 1106 339 111
1127 274 1278 336 ornan.
1832 275 1894 336 mr

245 446 347 509 scopo
362 431 530 510 irrogatis.
553 430 616 492 Sed
631 445 693 494 neo
709 429 745 494 tu
762 429 799 495 in
817 429 861 494 iis
877 446 1041 502 excusare
1094 433 1282 498 mnautue
1309 447 1499 510 personam,
1533 431 1791 510 postulationem
1822 448 1906 494 neon·

244 530 481 606 negligentiam
501 532 591 592 tuam
616 531 720 606 potes,
744 529 803 606 qui
823 528 913 590 cives
935 530 1038 606 ipsos,
1095 529 1250 592 duximus
1275 530 1524 594 admittendam.
1560 531 1623 592 Sed
1660 545 1724 592 nos
1749 529 1895 592 sollicite

244 627 315 702 turn
333 643 392 704 pro
408 626 514 688 salute
529 627 717 688 animarum
732 643 882 698 suarum,
900 641 1040 703 quarum
1096 628 1290 701 cogitantes,
1305 629 1448 704 qualiter
1458 631 1527 692 tam
1538 628 1671 704 celebri,
1684 629 1753 688 tarn
1766 628 1895 702 insigni

244 723 306 800 tibi
321 727 372 785 est
385 725 573 786 sollicitudo
587 725 775 795 commissa,
790 727 859 786 tum
875 739 935 803 pro
950 739 1042 784 eom·
1098 721 1312 803 lamissioni...
1341 740 1513 800 possemus
1541 725 1582 786 da
1608 738 1751 800 persona
1771 725 1894 786 idonea

244 822 400 898 passione
425 822 531 898 ipsius
551 822 698 898 episcopi
725 821 863 884 deberes
884 820 927 881 ab
952 821 1043 896 inju-
1098 821 1283 896 providere,
1312 822 1462 894 demum,
1491 825 1564 899 post
1588 824 1749 884 macutus
1776 823 1897 884 multi·-

244 915 305 979 riis
316 916 715 994 hujusmodireirenasse.
727 916 930 992 Licotigitur
940 929 1041 977 causa
1097 917 1210 994 plioes,
1225 918 1410 984 deliberato
1433 919 1573 982 teatrum
1595 921 1785 982 nostrorum
1807 936 1894 981 con-

244 1013 434 1090 bnjusmodi
454 1013 640 1075 venerabili
667 1015 780 1080 nostro
800 1014 957 1089 episcopo
977 1013 1051 1075 lla-⁴
1096 1015 1183 1086 silio,
1195 1019 1229 1080 te
1242 1017 1285 1082 ad
1300 1017 1700 1094 constantinopolitanam
1714 1017 1896 1081 ecclesiam

244 1111 392 1182 lantino,
419 1113 452 1174 et
473 1111 610 1188 collegis
629 1115 704 1188 ejus
726 1109 919 1186 jamdudum
943 1109 1043 1170 suerit
1096 1111 1138 1172 de
1169 1113 1343 1180 Bisontina
1372 1114 1576 1190 providimus
1609 1112 1894 1183 transferendum,

245 1207 288 1271 ab
302 1209 491 1284 apostolica
514 1209 599 1270 Sede
619 1208 806 1280 commissa,
833 1207 910 1284 quia
930 1206 1041 1266 minen
1097 1213 1237 1275 nontam
1249 1225 1399 1286 persone
1409 1211 1444 1274 in
1453 1211 1613 1281 Ecclesia,
1624 1225 1724 1287 quam
1732 1211 1894 1272 Ecclesiae

245 1309 380 1382 propter
402 1306 524 1366 civium
547 1305 695 1382 ipsorum
720 1305 870 1379 diffugia,
896 1302 1043 1366 nondum
1098 1307 1131 1368 in
1168 1323 1310 1383 persona
1348 1308 1475 1372 utiliter
1500 1325 1562 1370 nos
1595 1307 1770 1369 consulere
1797 1307 1896 1368 arbi-

246 1405 301 1469 est,
312 1419 488 1480 processus
508 1403 640 1466 babitus
659 1403 694 1467 in
716 1401 843 1472 eadem,
869 1401 976 1476 ipsam
1000 1399 1043 1463 ad

245 1515 386 1563 ammon
424 1503 575 1560 nostrum
610 1499 765 1560 duximus
798 1498 1040 1570 revocandam

246 1597 389 1674 ideoque
404 1597 600 1661 mandamus
613 1597 686 1668 tibi,
699 1595 861 1672 quatenus
875 1594 1042 1670 potestati,

250 1694 465 1766 consiliariis,
483 1695 517 1754 et
532 1693 652 1770 populo
670 1692 818 1770 ejusdem
834 1691 979 1754 civitatis
991 1691 1045 1753 iu-

243 1792 379 1868 jungas,
401 1793 436 1854 ui
458 1791 493 1853 in
516 1790 668 1853 kalendis
691 1788 851 1850 februarii
869 1787 1041 1865 proximis,

247 1903 330 1970 quas
353 1887 403 1948 eis
422 1887 601 1948 terminum
616 1885 875 1962 peremptorium
890 1885 1045 1959 assiana-

246 2001 332 2052 mus,
361 2001 421 2060 per
449 1985 681 2061 procuratores
710 1984 859 2054 idoneos,
889 1983 923 2043 et
950 1980 1046 2044 sulii·-

247 2082 373 2159 oientes
386 2081 601 2158 compareant
613 2096 726 2142 coram
740 2079 846 2151 nobis,
859 2079 965 2145 eidem
978 2079 1046 2155 epi·

247 2194 348 2260 scopo
366 2194 465 2255 super
482 2178 669 2249 invasione,
687 2178 921 2246 destructione,
936 2176 1046 2247 aede-

246 2277 397 2339 tontione
411 2275 573 2338 bonorum
587 2275 747 2352 episcopii
760 2275 824 2345 sui,
837 2277 869 2336 et
884 2274 1046 2336 ecclesia·

247 2371 1046 2450 rumejusexlnibituri,quodordopoposceritra·

246 2469 360 2538 bonis,
374 2471 432 2532 aut
453 2469 680 2546 composituri,
701 2470 730 2532 si
747 2468 819 2532 deri
835 2469 957 2545 poterit
970 2483 1044 2532 oum

247 2567 617 2643 eodemdenunciando
632 2567 770 2633 eisdem,
787 2565 873 2642 quod
889 2565 957 2627 uisi
971 2564 1046 2624 sui-

248 2664 400 2728 tlcienter
412 2666 454 2726 ad
469 2664 721 2734 defendendum,
736 2665 769 2726 et
783 2679 823 2724 ac
838 2677 1045 2738 componen-

250 2761 329 2825 dum
365 2761 615 2825 transmiserint
636 2759 678 2823 ad
710 2759 890 2822 terminum
927 2773 1047 2835 supra·

249 2859 385 2926 dictum,
411 2873 473 2920 nos
498 2858 718 2920 nibilominus
744 2857 779 2918 in
805 2856 938 2932 negotio
961 2856 1044 2934 ipso,

249 2959 408 3034 quantum
421 2955 575 3016 suadebit
593 2955 692 3026 ratio,
713 2954 940 3031 procedemus.
962 2951 1046 3023 Quid

249 3057 360 3116 autem
375 3069 477 3129 super
494 3053 556 3113 boo
570 3051 701 3123 feceris,
723 3051 819 3112 nobis
841 3067 901 3128 per
917 3051 1046 3112 litteras

248 3151 324 3212 tuas
344 3165 441 3211 curas
462 3149 606 3210 tideliter
623 3149 791 3210 intimare.
810 3151 928 3208 Datum
948 3149 1048 3208 Late-

248 3247 335 3320 rani,
351 3249 381 3308 X
396 3245 529 3308 kalend.
541 3245 703 3323 januarii,
721 3260 808 3306 anno
824 3244 1010 3305 undecimo.

570 3546 732 3632 XXXIV

308 3729 311 3740 ·
339 3705 953 3782 Adarehiepiscopumbisuntinum.

506 3844 542 3910 23,
560 3843 690 3904 decemb
711 3844 792 3905 liii.

412 3965 521 4031 [Noricos
531 3969 556 4015 et
568 3966 683 4027 extruite,
697 3965 766 4025 xlll,
778 3977 807 4024 rr,
823 3963 891 4027 lla]

251 4099 400 4175 Significat
416 4113 528 4156 seeum
546 4098 581 4155 ad
597 4099 940 4172 constantinopolitanam
952 4097 1046 4164 aecle-

375 4190 448 4246 siam
464 4187 623 4262 providisse
634 4187 873 4252 transterendum.

291 4326 470 4397 Honorius,
496 4325 571 4398 eto,
597 4323 782 4393 venerabili
801 4322 1046 4396 iratrierobie-

251 4426 387 4504 piscopo
400 4423 586 4494 Bisantin0,
607 4422 786 4482 salutem...

291 4517 604 4600 Cnmnupernobili
620 4519 761 4582 ecelesia
773 4519 1049 4597 Constantinopo-

200 4619 207 4636 “
251 4619 356 4683 litana
371 4619 503 4696 pastore
518 4617 669 4688 secante,
684 4615 866 4690 capitulum
876 4618 910 4680 et
923 4617 994 4688 elii,
1007 4617 1048 4686 ad

252 4733 336 4794 quuos
357 4716 475 4778 electio
500 4713 706 4794 pertinet,in
729 4712 963 4782 substitutione
986 4729 1048 4790 pa·-

252 4813 410 4876 triarcbae
436 4811 540 4874 futuri
568 4811 771 4875 concordare
801 4811 1048 4888 nequivissent,

253 4912 331 4974 aliis
342 4909 585 4986 postulantibus
594 4907 818 4977 venerabilem
829 4907 965 4975 tratrem
977 4925 1051 4970 nos-

251 5013 343 5072 trum
364 5007 555 5086 episcopum
575 5005 824 5078 Balracensem,
840 5006 918 5076 aliis
936 5007 1052 5082 appel-

253 5105 400 5168 lantibus
414 5107 528 5169 oontra
539 5118 608 5172 eos,
618 5101 752 5171 undem
763 5101 935 5178 utriusque
946 5102 1057 5179 parles,

253 5201 525 5282 procuratoribus
535 5201 570 5262 in
579 5202 695 5264 nostra
704 5199 883 5276 manentia
895 5199 1056 5268 constitu

254 5296 1051 5376 tis,etnolenlibus,relnonrelentibusinuram

1096 1405 1243 1479 trentes;
1267 1407 1359 1470 certa
1382 1421 1440 1482 spe
1464 1405 1652 1482 fiduciaque
1671 1406 1842 1482 concepta,
1859 1405 1900 1466 ut

1098 1502 1165 1578 qui,
1178 1518 1244 1566 nou
1256 1503 1323 1566 um
1336 1501 1561 1579 probabilibus
1577 1503 1782 1577 argumentis
1794 1517 1897 1578 quam

1098 1600 1335 1674 experimentis
1365 1599 1600 1664 infallibilibus
1620 1599 1837 1676 approbatus,
1861 1601 1897 1660 te

1099 1697 1233 1772 dignum
1248 1699 1351 1762 tante
1360 1697 1533 1772 dignitatis
1548 1695 1899 1773 mnemonidarum

1099 1795 1158 1859 un
1173 1795 1395 1860 translatione
1408 1793 1584 1870 magnifice
1600 1793 1782 1856 honoratus
1803 1809 1896 1870 prae-

1099 1891 1221 1956 dictam
1249 1891 1427 1955 ecclesiam
1452 1889 1668 1965 indulgentie
1694 1892 1760 1952 tum
1786 1889 1898 1950 studio

1100 1987 1291 2062 magnificos
1316 1989 1350 2054 et
1372 1987 1527 2052 honores.
1549 1989 1630 2048 Cum
1650 1987 1754 2062 igitur
1772 2002 1899 2062 urgens

1100 2084 1281 2148 necessitas
1305 2088 1339 2148 et
1359 2084 1497 2148 eridane
1511 2083 1639 2146 utilitas
1655 2085 1898 2148 constentino-

1100 2182 1271 2257 puliana,
1300 2182 1368 2248 imo
1400 2181 1601 2260 universalis
1629 2180 1804 2252 nemesin,
1834 2195 1899 2241 nos

1101 2279 1291 2356 hujusmodi
1307 2278 1366 2343 tibi
1381 2278 1522 2344 bonone
1545 2293 1629 2342 onus
1652 2279 1835 2354 imponere,
1856 2294 1900 2339 ao

1099 2377 1132 2438 te
1144 2376 1268 2448 subire,
1285 2375 1459 2447 suadeant,
1480 2375 1723 2438 fraternitatem
1736 2377 1828 2439 tuam
1840 2391 1902 2436 ro-

1100 2489 1227 2550 gamus,
1251 2488 1423 2534 monemus
1445 2473 1478 2533 et
1500 2473 1820 2543 hortamurattente,
1837 2489 1900 2550 per

1100 2570 1289 2648 apostoliea
1310 2570 1371 2631 tibi
1393 2569 1519 2646 scripta
1547 2569 1771 2646 praecipiendo
1796 2587 1899 2630 man·-

1100 2669 1227 2740 dantes,
1245 2669 1278 2730 ot
1295 2669 1331 2729 in
1352 2669 1584 2732 remissionem
1599 2667 1827 2743 peccaminum
1843 2668 1901 2728 in-

1097 2767 1284 2842 jungentes,
1311 2767 1474 2842 quatenus
1503 2763 1686 2840 prudenter
1709 2764 1897 2838 attendens

1101 2863 1185 2940 quod
1203 2864 1243 2934 si,
1260 2861 1441 2923 secundum
1451 2861 1654 2939 Apostolum,
1669 2861 1819 2923 Christus
1836 2879 1899 2938 pro

1101 2959 1253 3021 omnibus
1272 2961 1422 3022 mortuus
1444 2962 1505 3030 est,
1527 2961 1680 3036 superest
1705 2961 1741 3020 ut
1765 2960 1821 3035 qui
1842 2959 1900 3020 ri-

1100 3058 1183 3120 runt
1199 3061 1270 3134 jam
1294 3073 1361 3122 non
1386 3057 1450 3118 sibi
1473 3057 1600 3128 vivant,
1619 3055 1679 3120 sed
1699 3071 1739 3116 eo
1761 3056 1818 3132 oui
1836 3071 1901 3134 pro

1101 3155 1197 3218 nobis
1212 3157 1262 3216 est
1287 3155 1438 3220 mortuus
1464 3155 1498 3216 et
1520 3143 1685 3226 surrexit,
1713 3156 1747 3216 et
1770 3167 1902 3214 memor

1102 3250 1898 3330 quiainmagnissuntexoroendimagnenlmes,

1102 3349 1142 3410 ab
1158 3349 1300 3410 ecclesia
1315 3349 1503 3420 Bisuntina,
1519 3349 1573 3408 oui
1596 3348 1759 3423 allegatus
1784 3363 1831 3420 es,
1857 3345 1901 3408 de

1102 3447 1224 3530 nostrae
1243 3445 1415 3523 potestatis
1430 3445 1638 3522 plenitudiue
1655 3444 1839 3516 absolutus,
1856 3443 1901 3506 ad

1104 3543 1220 3608 Sedem
1246 3543 1471 3620 apostolicam
1493 3542 1682 3614 veniosae
1705 3541 1901 3604 conuenti-

1102 3641 1328 3718 nopolitanam
1343 3640 1520 3708 ecclesiam
1534 3655 1742 3712 accessurus,
1759 3641 1793 3702 ot
1805 3642 1903 3702 tuum

1099 3741 1230 3815 jactans
1256 3739 1292 3800 iu
1319 3739 1458 3803 Domino
1482 3738 1675 3813 cogitatum,
1701 3739 1770 3814 qui,
1795 3737 1904 3799 eonfi-

1103 3835 1218 3904 deutes
1232 3835 1266 3900 in
1282 3853 1319 3896 se
1335 3850 1503 3912 uunquam
1516 3834 1674 3898 conlundi
1690 3835 1904 3911 permittens,

1103 3949 1221 4008 aspera
1236 3934 1286 3994 eis
1301 3933 1465 3996 convertit
1490 3933 1528 3998 in
1551 3932 1663 4010 plana,
1679 3933 1772 3994 nullo
1786 3933 1819 3992 te
1833 3946 1902 4006 pa·-

1102 4030 1197 4094 tiaris
1229 4031 1435 4094 dil’sscultatis
1467 4029 1561 4093 obice
1592 4029 1781 4101 retardari,
1804 4028 1903 4104 quasi

1103 4128 1305 4204 migraturus
1318 4127 1359 4190 de
1373 4126 1489 4204 requie
1508 4126 1551 4188 ad
1565 4125 1724 4194 laborem,
1741 4141 1793 4197 ne,
1811 4125 1901 4203 quod

1103 4225 1200 4294 absit,
1215 4225 1384 4289 vocationi
1399 4225 1520 4286 divinae
1535 4223 1695 4288 resistere
1709 4223 1902 4300 propriam-

1104 4339 1167 4400 que
1199 4323 1343 4399 quietem
1373 4321 1509 4390 utilitati
1537 4320 1679 4398 publicae
1706 4335 1904 4397 praeponere

1103 4419 1261 4492 ridearis,
1279 4435 1421 4482 securus·
1432 4418 1519 4496 quod
1535 4418 1575 4482 de
1589 4418 1789 4494 apostolicae
1804 4417 1902 4479 Sedis

1103 4519 1211 4594 gratia
1227 4519 1261 4582 et
1272 4516 1397 4589 lavore,
1412 4533 1485 4593 quae
1499 4517 1535 4580 iu
1549 4517 1641 4580 omni
1652 4515 1905 4593 opportunitate.

1103 4615 1165 4677 tibi
1183 4615 1301 4676 adesse
1321 4615 1479 4690 disponit,
1504 4615 1534 4676 te
1558 4614 1594 4676 iu
1615 4611 1772 4690 ,omnihus
1787 4613 1902 4676 omni-

1105 4713 1211 4776 modis
1237 4712 1392 4790 adjutura
1417 4709 1477 4790 (1).
1505 4711 1649 4774 Dilectus
1677 4711 1790 4772 autem
1814 4709 1906 4771 tilios

1105 4811 1280 4886 magistros
1305 4811 1439 4876 Petrum
1466 4811 1501 4872 et
1521 4811 1656 4871 Inonem
1676 4807 1710 4870 et
1723 4810 1902 4880 Joannam,

1105 4909 1284 4971 canonicos
1298 4905 1693 4982 constantinopolitanos,
1710 4921 1793 4982 quos
1806 4920 1910 4980 prop-r

1106 5009 1156 5067 ter
1184 5006 1246 5068 boc
1273 5005 1464 5082 specialiter
1492 5003 1534 5066 ad
1562 5003 1774 5084 praesentiam
1809 5005 1903 5064 tuam

1106 5104 1277 5176 mittimus,
1295 5101 1480 5166 sinceritati
1499 5104 1565 5164 tuae
1586 5099 1783 5178 propensius
1805 5116 1903 5162 com-

1107 5201 1311 5268 mendantes.
1329 5201 1447 5262 Datum
1469 5199 1637 5271 Laterani,
1654 5201 1684 5260 X
1698 5197 1766 5258 kal
1778 5200 1904 5275 janula-

1107 5297 1162 5370 uii,
1179 5313 1267 5362 auno
1285 5292 1470 5362 undecimo,

290 5459 331 5534 (t)
352 5459 390 5518 Ge
405 5455 532 5516 membre
547 5454 583 5512 de
599 5455 701 5529 pbrase
717 5457 809 5532 parali
824 5471 985 5531 corrompu.
1003 5459 1024 5516 Il
1043 5457 1101 5520 taut
1117 5472 1186 5515 saus
1203 5455 1288 5514 doute
1304 5453 1490 5513 retrancber«
1507 5451 1604 5526 quod·
1622 5449 1707 5528 apres
1724 5466 1865 5510 essemus
1877 5473 1903 5510 ι.

262 5530 392 5606 [Notioee
407 5526 589 5601 stertinian]
915 5561 917 5564 .
