4114 6322
131 307 179 378 ’98
640 307 641 312 ¹
763 315 993 382 EPISTOLAE·
1017 317 1096 380 LIB·
1119 319 1159 380 X·
1742 323 1782 384 at

138 473 361 550 appellatione
382 475 575 554 postposita,
605 475 849 538 inviolabiliter
868 475 931 538 ob-

137 573 279 645 servari,
295 573 400 637 nulli>¹
412 573 533 635 litteris
546 575 691 646 veritati,
710 573 773 636 ete.
794 574 886 645 Quod
902 573 932 634 si

137 683 205 730 non
218 684 344 742 omues,
360 672 422 731 etc.
434 672 553 732 Datum
567 671 736 744 Laterani,
752 673 782 732 X
794 670 928 732 kalend.

134 765 236 841 J'unii,
254 782 342 828 anno
354 767 494 830 decimo.

486 973 589 1062 CLII

309 1125 361 1190 Ad
373 1123 528 1188 abbatem
542 1125 759 1198 dedicabam.

438 1252 472 1314 itt
486 1253 553 1310 maii
566 1253 645 1310 tiit.

276 1389 278 1393 '
336 1375 450 1440 fflymer,
467 1376 580 1435 Foedcrs,
597 1376 617 1434 1,
635 1389 653 1434 1,
668 1373 736 1440 tut]

137 1489 273 1564 Indulget
289 1504 327 1547 ne
348 1505 399 1566 per
417 1490 637 1548 commissiones
655 1489 736 1548 Sedis
748 1489 932 1564 1666161166,

175 1593 248 1652 quas
264 1577 300 1640 (16
318 1587 421 1636 caetero
443 1578 478 1636 ad
491 1579 585 1652 Ipsum
605 1578 753 1652 impetrari
767 1579 930 1650 eontigerit,

172 1666 329 1739 procedere
341 1674 481 1724 tencatur.

178 1793 346 1854 Honorius
356 1793 540 1869 episcopus,
553 1807 669 1853 servus
678 1807 850 1853 servorum
858 1791 929 1862 Dei,

53 1960 59 1975 Ι
137 1889 260 1950 dilecto
282 1888 353 1950 filio
377 1887 489 1954 abbati
508 1889 548 1950 de
570 1889 727 1964 Begham,
745 1887 933 1950 salutemet

135 1985 363 2064 apostolicam
375 1985 653 2048 benedictionem.
730 2045 732 2048 .

178 2087 207 2144 A
221 2083 317 2144 nobis
332 2083 503 2144 humiliter
516 2081 692 2160 postulasti
713 2081 759 2154 ut,
777 2097 851 2143 cum
866 2097 933 2143 non

17 2252 20 2260 .
136 2180 265 2242 habeas
282 2181 370 2256 juris
392 2181 545 2256 perillam
581 2180 613 2240 et
647 2193 707 2255 per
730 2179 932 2256 jndiciorum

137 2278 319 2353 strepitum·
336 2277 506 2352 contingat
530 2277 652 2338 sanctae
674 2277 708 2336 in
727 2276 760 2337 te
781 2276 932 2337 contem-

135 2374 297 2451 plationis
332 2375 436 2435 otium
471 2373 642 2450 impediri,
679 2373 826 2434 eximere
852 2372 886 2433 te
913 2388 933 2432 a

136 2470 408 2533 commissionum
423 2471 611 2532 nostrarum
628 2469 850 2532 sollicitudine
866 2469 934 2544 dig·

136 2583 308 2630 naremur.
335 2569 403 2629 Nos
432 2584 512 2644 ergo
540 2567 607 2630 iuis
636 2566 933 2644 supplicationibus

136 2666 337 2736 annuentes,
354 2665 523 2726 devotioni
542 2665 609 2726 tuae
628 2664 825 2726 auctoritate
844 2679 934 2742 pree-

137 2763 282 2824 sentlum
302 2761 524 2837 indulgemus,
542 2777 584 2822 ne
603 2777 663 2840 per
683 2761 933 2823 commissiones

135 2859 288 2929 nostras,
316 2873 398 2934 quas
423 2857 464 2918 de
492 2858 613 2918 caetero
641 2857 682 2918 ad
707 2857 740 2918 te
761 2856 934 2932 impetrari

136 2955 326 3030 contigerit,
346 2955 526 3032 procedere
540 2954 697 3026 tenearis,
715 2955 744 3016 si
761 2953 801 3015 de
817 2953 932 3014 indul-

135 3054 252 3129 gentia
266 3051 455 3128 hujusmodi
473 3067 540 3114 non
560 3051 700 3114 iecerint
720 3050 931 3114 mentionem.

135 3151 231 3213 Nulli
253 3165 332 3226 ergo
355 3149 489 3210 omnino
510 3148 682 3210 hominum
716 3147 815 3210 liceat
846 3148 934 3210 hanc

135 3248 295 3326 paginam
328 3248 451 3308 nostrae
484 3245 709 3306 concessionis
737 3244 931 3320 infringere,

135 3345 188 3406 vel
213 3345 246 3405 ci
267 3359 351 3408 ausu
372 3342 551 3404 temerario
573 3343 751 3404 contraire.
790 3342 824 3402 Si
860 3341 933 3422 quis

135 3443 250 3506 autem
271 3440 335 3500 hoc
359 3441 521 3502 attentare
542 3439 801 3520 praesumpserit,
819 3438 932 3516 indig-

134 3535 933 3612 nationemomnipotentisoeietoeatorumretri

134 3637 168 3698 et
180 3634 282 3698 Pauli
297 3634 522 3711 apostolorum
537 3635 610 3710 ejus
624 3649 659 3694 se
675 3632 806 3694 noverit
819 3632 934 3692 incur·

135 3747 265 3792 surum.
283 3733 398 3796 uatum
416 3730 583 3802 Laterani,
601 3732 648 3792 111
662 3727 931 3808 kalendasjunii,

134 3829 349 3908 pontificatus
363 3829 470 3890 nostri
485 3843 572 3890 anno
588 3825 727 3890 decimo.

474 4057 596 4143 CLIII

238 4209 290 4270 Ad
310 4207 560 4270 monesterium
582 4209 619 4268 in
645 4207 836 4284 Wotzburp.

393 4338 492 4400 116666
511 4336 579 4396 maii
600 4337 679 4398 itit.

315 4458 511 4523 [taletensteitn
525 4459 596 4519 Uria,
608 4457 647 4517 tt,
663 4471 689 4508 n.
703 4457 754 4520 311]

139 4573 212 4634 lllud
230 4574 435 4632 monasterium
455 4573 508 4630 sub
530 4589 582 4631 sua
604 4573 779 4646 protectione
802 4573 932 4645 suscipit.

178 4699 346 4762 Honorius
357 4700 668 4778 episcopusservus
679 4713 850 4760 servorum
861 4698 933 4772 Ilei,

138 4796 269 4860 dilectis
284 4787 361 4859 ouis
376 4797 487 4858 abbati
500 4798 533 4858 et
547 4795 724 4858 conventui
740 4795 933 4858 monasterii

138 4893 176 4956 in
188 4891 380 4970 wulzburg,
398 4892 540 4957 salutern
552 4893 585 4954 et
596 4891 821 4972 apostolicam
832 4890 935 4952 bene-

139 4989 331 5056 dictionem.

182 5087 401 5150 sacrosancta
421 5089 571 5150 Romana
586 5085 734 5148 Ecclesia
747 5083 883 5146 devotos
902 5083 934 5146 et

139 5181 283 5245 humiles
312 5182 400 5246 lilios
429 5198 472 5244 ex
496 5181 639 5246 assuetae
665 5182 798 5259 pietatis
826 5178 934 5243 officio

138 5279 338 5356 propensius
360 5277 499 5354 diligere
521 5279 711 5346 consuevit,
734 5277 767 5339 et
787 5291 830 5342 ne
852 5291 933 5353 pra-

138 5390 259 5438 vorum
285 5373 456 5442 bominum
483 5375 645 5440 molestiis
671 5374 853 5450 agitentur,
878 5388 935 5437 666

178 5537 205 5610 (l
239 5539 354 5598 tacebo.
412 5541 453 5614 (il
473 5543 675 5616 llargerctom.

179 5611 207 5685 13
242 5610 400 5669 6611161616.

985 476 1142 554 anquam
1164 475 1220 552 616
1241 477 1348 540 mater
1370 492 1441 539 suae
1467 477 1682 554 protectionis
1704 492 1782 542 mu·-

985 573 1112 634 nimine
1125 573 1313 635 coniovare.
1325 575 1540 652 Quapropter,
1555 575 1668 638 dilecti
1678 577 1712 640 in
1721 581 1782 639 Do·

986 671 1076 732 mino
1112 670 1184 742 tilii,
1219 671 1340 732 vestris
1371 673 1471 748 justis
1504 673 1781 748 postulationibus

985 767 1149 839 inclinati,
1167 783 1326 844 personas
1341 771 1470 831 vestras
1486 771 1519 830 et
1533 770 1643 831 locum
1663 772 1698 832 in
1716 788 1781 848 quo

987 864 1099 925 divino
1119 864 1200 926 estis
1224 864 1382 942 obsequio
1408 866 1599 942 mancipati,
1614 884 1688 930 cum
1703 884 1780 930 om-

986 960 1083 1020 nibus
1098 960 1206 1029 bonis,
1225 977 1298 1038 quae
1312 962 1347 1022 in
1363 963 1616 1038 presentiarum
1630 965 1782 1028 rationa-

985 1057 1098 1119 biliter
1110 1057 1298 1134 possidetis
1312 1059 1413 1120 autin
1429 1059 1588 1131 futurum,
1603 1062 1781 1136 praestante

986 1154 1136 1228 Domino,
1149 1155 1250 1232 Justis
1266 1155 1372 1215 modis
1387 1155 1538 1232 poteritis
1553 1157 1705 1233 adipisci,
1720 1159 1780 1218 sub

986 1249 1779 1330 166611Ρ6161616661666661661166666661611666.

988 1347 1185 1424 Specialiter
1199 1350 1309 1410 autem
1321 1349 1550 1425 possessiones
1566 1351 1598 1412 et
1612 1351 1681 1411 alta
1693 1351 1781 1414 bona

987 1445 1182 1506 monasterii
1201 1445 1316 1518 vestri,
1337 1445 1492 1507 similiter
1517 1448 1550 1510 61
1567 1449 1656 1522 jnra,
1678 1448 1781 1510 liber-

986 1540 1070 1602 tates
1092 1541 1124 1602 et
1144 1541 1369 1603 immunitates
1397 1542 1491 1604 vobis
1519 1543 1552 1604 et
1577 1545 1779 1606 monasterio

986 1639 1097 1700 vestro
1118 1639 1315 1700 auctorItate
1329 1639 1519 1715 Apostolica
1543 1639 1780 1702 confirmamus

987 1735 1020 1795 et
1042 1735 1217 1812 praesentis
1243 1734 1358 1810 scripti
1384 1735 1569 1812 patrocimo
1595 1739 1782 1798 communi-

987 1847 1071 1892 mus.
1101 1831 1193 1894 Nulli
1221 1847 1301 1905 ergo
1326 1833 1461 1892 omnino
1487 1831 1658 1892 hominum
1680 1833 1781 1896 liceat

987 1927 1073 1987 hane
1094 1927 1250 2003 paginam
1271 1927 1393 1988 nostrae
1414 1927 1630 2003 protectionis
1651 1932 1685 1990 et
1706 1945 1782 1992 con·

988 2023 1184 2085 firmationis
1196 2022 1390 2099 infringere,
1402 2024 1455 2086 sel
1466 2025 1498 2085 ei
1509 2040 1592 2085 ausu
1602 2026 1782 2089 temerario

988 2121 1164 2182 contraire.
1181 2121 1216 2182 Si
1231 2121 1304 2198 quis
1317 2121 1427 2182 autem
1440 2121 1502 2182 hoc
1517 2121 1680 2183 attentare
1693 2139 1782 2200 prae-

988 2218 1178 2294 sumpserit,
1194 2217 1457 2294 indignationem
1472 2219 1706 2294 omnipotentIs
1721 2221 1781 2280 Dei

988 2315 1020 2376 et
1029 2313 1201 2376 beatorum
1212 2315 1303 2375 Petri
1316 2315 1348 2375 et
1360 2315 1456 2375 Pauli
1472 2315 1696 2391 apostolorum
1709 2320 1782 2394 ejus

989 2427 1025 2472 se
1040 2412 1169 2474 noverit
1187 2413 1411 2472 incursurum.
1425 2413 1544 2473 Datum
1560 2413 1716 2474 Laterani
1719 2457 1780 2476 .....

988 2509 1080 2580 maii,
1095 2508 1307 2586 pontificatus
1320 2509 1425 2570 nostri
1437 2524 1526 2572 anno
1539 2509 1679 2571 decimo.

1331 2739 1448 2826 CLIV
1555 2795 1559 2804 ·

988 2883 1040 2942 Ad
1057 2881 1339 2944 Suessionensem
1359 2883 1553 2957 episcopum
1575 2882 1610 2942 et
1634 2883 1782 2946 Petram

1206 2979 1247 3039 de
1268 2979 1480 3050 0666666616,
1497 2978 1559 3040 61.
1662 3039 1663 3044 ,

1270 3106 1305 3164 25
1323 3105 1392 3163 maii
1412 3107 1491 3164 litt.

1112 3217 1250 3284 [bouquet
1261 3221 1318 3272 Rcc.
1332 3221 1375 3270 des
1386 3220 1464 3284 llist.‚
1476 3221 1543 3282 xlx,
1555 3237 1580 3286 6.
1594 3223 1662 3288 tlt]

988 3335 1188 3396 catalaunensi
1212 3336 1346 3408 episcopo
1365 3337 1423 3392 vita
1445 3335 1556 3404 functo,
1577 3337 1623 3393 661
1643 3352 1729 3395 66666
1746 3337 1784 3395 (16

1024 3423 1204 3480 matrimonio
1220 3423 1360 3480 Guillelmi
1376 3422 1411 3479 de
1422 3425 1605 3495 Domnipatra
1621 3440 1686 3480 cum
1702 3425 1783 3482 Flau-

1023 3510 1118 3568 drensi
1137 3511 1282 3568 comitissa
1297 3512 1451 3567 commissa
1462 3509 1568 3582 iuerat,
1590 3511 1660 3568 alios
1672 3512 1784 3585 judices

1024 3599 1166 3656 Honorius
1180 3597 1305 3670 delegat.

1027 3725 1196 3786 Honorius
1220 3725 1451 3804 episcopum„
1475 3725 1660 3788 venerabili
1685 3725 1783 3789 tratri

990 3819 1222 3886 suessionensi
1242 3821 1396 3898 episcopo
1411 3819 1470 3902 (1),
1492 3823 1524 3884 61
1550 3821 1681 3884 (11166116
1702 3823 1783 3883 tiliis

988 3919 1147 3994 magistro
1159 3922 1195 3982 Ρ.
1209 3917 1248 3980 (16
1262 3917 1783 3996 (1611666616,666611666666166
1818 3984 1819 3988 ,

988 4015 1139 4078 Parisius
1152 4016 1381 4088 commoranti,
1394 4017 1427 4078 et
1445 4017 1486 4078 N.
1503 4017 1707 4092 Lingonensi
1721 4033 1783 4078 ar-

988 4112 1196 4186 obidiacon0‚
1214 4113 1366 4186 salutem,
1383 4114 1446 4176 etc.

1028 4211 1109 4272 Cum
1127 4225 1262 4273 eausam
1282 4210 1486 4272 matrimonii
1506 4209 1594 4288 quod
1616 4209 1705 4272 inter
1718 4226 1782 4272 110·

987 4305 1088 4368 bilem
1110 4306 1219 4370 sirum
1240 4306 1446 4368 Willelmum
1474 4306 1514 4368 (16
1542 4307 1721 4382 Dampetra
1749 4307 1783 4370 et

988 4403 1132 4464 nobilem
1160 4405 1205 4464 M.
1229 4399 1275 4481 (2)
1299 4417 1448 4464 sororem
1472 4401 1650 4466 comitissae
1676 4403 1782 4464 Flan-

988 4499 1117 4565 drensis
1138 4497 1310 4562 dicebatur
1324 4498 1434 4560 minus
1449 4497 1597 4574 legitime
1615 4498 1686 4560 lore
1701 4515 1784 4561 con-

987 4595 1142 4668 tractum,
1152 4593 1247 4657 bonae
1258 4595 1427 4658 memoriae
1443 4595 1678 4658 catalaunensi
1690 4598 1783 4674 epis-

989 4709 1070 4770 6666
1106 4690 1167 4772 (3),
1204 4693 1237 4754 61
1271 4691 1385 4764 vobis,
1423 4691 1503 4764 tilii,
1541 4693 1714 4772 capellano
1750 4695 1784 4756 61

988 4788 1244 4862 archidiacono,
1266 4788 1326 4850 sub
1348 4789 1439 4850 certa
1458 4788 1567 4850 forma
1588 4789 1782 4852 duxerimus

989 4883 1277 4960 committendam
1294 4885 1384 4966 quia,
1410 4885 1495 4948 sicut
1521 4885 1652 4959 dieitur,
1676 4888 1782 4949 dictus

989 4983 1163 5062 episcopus
1175 4981 1264 5044 viam
1277 4981 1327 5046 661
1341 4981 1508 5044 universae
1524 4983 1635 5045 earnis
1650 4984 1783 5060 ingres-

989 5095 1058 5152 sus,
1074 5093 1175 5142 causa
1200 5077 1272 5156 ipsa
1293 5078 1427 5140 dubtum
1442 5095 1509 5140 non
1531 5079 1638 5154 potuit
1658 5079 1783 5145 habere

989 5191 1180 5257 processum
1196 5173 1257 5256 (4).
1283 5177 1334 5238 Ne
1353 5175 1456 5252 igliur
1475 5173 1666 5251 hujusmodi
1681 5193 1783 5238 causa

989 5273 1161 5338 remaneat
1188 5271 1313 5335 diutius
1338 5273 1374 5332 in
1403 5286 1580 5348 suspenso,
1607 5272 1651 5345 te,
1679 5272 1783 5334 irater

989 5371 1154 5448 66166666,
1170 5369 1244 5432 1666
1259 5371 1331 5446 ejus
1346 5368 1501 5428 duximus
1517 5367 1779 5444 subrogandum:

1027 5534 1067 5610 (l)
1086 5535 1230 5610 Legenda
1246 5550 1280 5592 ea
1297 5533 1333 5592 de
1352 5549 1382 5591 re
1406 5535 1506 5591 litterae
1520 5547 1617 5606 supra,
1635 5531 1684 5590 lib.
1703 5535 1781 5605 Vlll,

990 5609 1073 5680 epist.
1088 5607 1135 5677 87,
1151 5605 1187 5663 ad
1204 5619 1253 5663 au.
1269 5604 1497 5676 1116661166.
