4114 6322
293 333 351 394 183
908 333 1084 396 HONORII
1106 331 1151 394 111
1170 333 1321 396 ephan.
1878 337 1948 396 184

291 491 376 554 nulli
398 491 583 571 presbyteri
604 493 638 556 et
654 491 769 556 clerici
789 493 856 554 tuae
878 491 1031 554 dioeeesls
1053 492 1088 554 in
1143 493 1232 556 idem
1249 508 1329 558 vero
1347 494 1384 554 Τ.
1407 491 1450 554 ad
1469 489 1646 554 ecclesiam
1667 493 1798 556 saneta
1819 493 1947 556 Mariae

292 589 455 662 ecclesiis,
485 589 518 652 et
543 591 620 653 aliis
649 591 885 654 ecclesiasticis
917 588 1088 652 beneflciis
1142 591 1349 668 Magdalenae
1366 590 1585 654 virdunensis
1600 591 1753 664 accessit,
1767 593 1801 653 et
1815 591 1949 652 linibus

292 686 482 748 immediate
496 687 645 764 patribus
658 691 892 750 successerunt
906 689 1021 750 contra
1037 703 1090 748 ca·
1142 689 1290 750 mandati
1309 689 1498 766 praeteritis,
1520 688 1682 752 decanum
1703 689 1736 750 et
1755 688 1948 766 capitulum

292 783 431 846 nonicas
442 786 643 857 sanctiones,
656 787 689 848 et
700 787 812 863 plures
825 785 883 848 alii
897 785 1085 846 sacerdotes
1142 787 1315 864 suspendit
1333 786 1375 846 ab
1395 786 1557 848 electione
1570 785 1808 862 ,prepositure
1830 787 1948 864 ipsius

292 881 326 944 et
342 879 455 942 clerici
471 883 619 958 ejusdem
635 883 800 950 dioecesis,
816 885 874 944 tua
890 881 1087 943 inhibitione
1142 883 1293 946 ecclesiae
1318 883 1376 945 illo
1399 885 1548 960 tempore
1570 899 1638 944 non
1662 883 1824 944 vacantis.
1851 883 1948 970 Dicti

294 977 493 1054 contempta,
507 979 638 1056 publice
653 981 766 1041 tenent
777 979 811 1040 in
822 979 965 1056 propriis
981 977 1088 1040 domi·
1143 985 1253 1043 autem
1272 980 1417 1042 decanus
1439 981 1472 1042 et
1490 979 1683 1056 capitulum,
1699 995 1758 1056 pro
1781 995 1820 1042 eo
1834 980 1943 1058 quod,

291 1073 353 1136 bus
368 1073 581 1136 concubinas.
601 1077 694 1138 Unde
709 1076 805 1138 nobis
820 1076 992 1137 humiliter
1006 1091 1088 1152 sup-
1143 1079 1229 1140 sicut
1245 1078 1445 1148 dictumest,
1463 1078 1609 1140 mandati
1630 1077 1713 1140 fines
1731 1082 1941 1148 excesserat,

294 1171 438 1248 plicasti,
452 1175 488 1234 ut
502 1171 580 1235 licet
593 1175 773 1252 procedere
784 1176 900 1234 contra
911 1173 1087 1250 praedictos
1143 1191 1205 1238 neo
1215 1191 1374 1236 revocare
1383 1175 1489 1236 voluit
1499 1175 1696 1236 sententiam
1708 1176 1947 1252 suspensionis

293 1284 337 1330 ex
358 1269 468 1330 cilicio
490 1269 546 1332 tuo
571 1271 691 1348 possis,
717 1271 795 1348 quia
814 1271 925 1332 umen
945 1270 1019 1346 plus
1041 1269 1088 1330 ti·
1143 1273 1192 1334 sic
1213 1272 1412 1334 inordinatas
1432 1272 1606 1350 prolatam,
1628 1273 1775 1334 nostram
1794 1273 1947 1334 audien-

294 1365 379 1426 meri
414 1365 509 1438 solet,
545 1367 631 1444 quod
667 1365 857 1445 specialiter
883 1365 1086 1442 indulgetur,
1143 1369 1952 1448 tiamappellaruntPostmodumveropraeposi-

294 1477 393 1538 quam
407 1463 492 1540 quod
510 1463 618 1526 edicto
634 1464 842 1526 concluditur
861 1463 1022 1540 generali,
1035 1461 1088 1522 ia·
1143 1469 1219 1528 tura
1233 1467 1427 1544 supradicta
1441 1469 1591 1540 vacante,
1604 1467 1734 1544 praelati
1749 1466 1895 1528 decanus
1912 1465 1952 1530 et

293 1574 409 1620 vorem
423 1559 485 1621 tibi
505 1561 620 1622 contra
642 1575 699 1622 eos
718 1561 932 1637 dignaremur
945 1559 1089 1636 aposlo—
1144 1563 1325 1641 capitulum
1361 1563 1568 1626 attendentes
1598 1563 1850 1640 suspensionem
1877 1564 1951 1624 hu-

294 1654 395 1716 licum
411 1657 586 1732 impertiri.
603 1658 672 1718 Nos
688 1657 848 1733 ergotuis
864 1655 1089 1746 precibusin-
1139 1661 1286 1738 jusmodi
1317 1677 1391 1722 esse
1423 1661 1557 1723 omnino
1590 1660 1789 1733 invalidam,
1825 1662 1947 1738 utpote

295 1752 422 1825 clinati,
439 1755 652 1830 praesentium
666 1755 727 1816 tihi
747 1753 945 1816 auctoritate
964 1769 1088 1814 conce·
1145 1759 1326 1820 excedente
1349 1759 1431 1820 lines
1450 1758 1609 1831 mandati,
1629 1759 1669 1819 de
1690 1757 1851 1820 beneflcio
1872 1773 1946 1818 non

295 1849 415 1922 dimus,
431 1853 466 1911 ut
479 1853 669 1914 memoratis
682 1851 896 1929 preshyteris,
911 1853 945 1914 et
958 1849 1089 1912 clericis
1145 1858 1284 1918 vacante
1309 1857 1554 1934 praesumptam,
1580 1871 1620 1916 ae
1639 1855 1680 1916 de
1704 1855 1944 1932 appellationis

295 1945 513 2021 ahenellciis,
535 1949 571 2008 in
594 1947 712 2026 quibus
733 1947 882 2026 patribus
901 1947 1090 2010 immediata
1145 1970 1213 2014 suae
1237 1953 1371 2030 juribus
1395 1953 1609 2026 confidentes,
1627 1953 1777 2014 eumdem
1801 1952 1949 2012 Guillel-

295 2046 528 2106 successerunt
543 2047 674 2118 amotis,
691 2047 724 2108 et
743 2045 1010 2116 concubinarios,
1031 2060 1092 2122 ap·
1145 2067 1233 2112 mum
1249 2050 1283 2110 in
1303 2050 1408 2126 ipsius
1423 2050 1573 2112 ecclesias
1596 2051 1808 2126 praepositum
1823 2049 1946 2124 elege-

294 2140 472 2216 pellatione
492 2145 632 2214 remota,
658 2142 763 2204 libere
786 2141 901 2202 valeas
921 2141 1023 2202 cilicii
1042 2140 1092 2202 tui
1145 2149 1274 2224 gerunt.
1301 2149 1463 2209 caeterum
1486 2146 1644 2224 praelatus
1668 2147 1946 2223 archiepiscopus

296 2236 441 2298 debitum
457 2253 625 2310 exercere,
643 2239 916 2314 contradictores,
938 2240 1000 2301 otc.
1020 2241 1089 2300 Da·
1146 2245 1221 2322 post
1239 2244 1495 2322 appellationem
1511 2245 1551 2306 ad
1565 2261 1626 2306 nos
1641 2243 1683 2306 ab
1705 2245 1778 2321 ipso
1794 2243 1946 2320 capitulo

295 2335 365 2395 tum
389 2335 557 2409 Laterani,
585 2338 644 2398 XV
667 2337 829 2398 kalendas
853 2335 976 2408 martii,
1002 2349 1091 2396 anno
1146 2341 1377 2418 interpositam
1394 2341 1565 2403 mandavit
1584 2342 1708 2402 dictum
1728 2343 1766 2402 R.
1782 2341 1817 2402 in
1835 2341 1946 2417 ipsius

298 2430 484 2494 undecimo.
1147 2440 1374 2516 praepositurae
1393 2439 1636 2518 possessionem
1656 2437 1781 2510 induci,
1801 2437 1836 2498 in
1856 2453 1946 2498 con-

1145 2535 1342 2596 tradictores
1358 2535 1520 2612 quoslibet
1534 2551 1573 2596 ao
1588 2535 1729 2596 rebelles
1746 2550 1944 2596 excommu-

648 2635 741 2724 ΗΠ
1147 2629 1325 2694 nicationis
1359 2630 1557 2691 senteutiam
1594 2628 1804 2706 proterendo.
1835 2630 1947 2689 Porro

1147 2725 1253 2788 dictus
1269 2727 1307 2787 R.
1329 2724 1370 2786 ad
1394 2725 1617 2801 apostolicam
1641 2724 1757 2785 Sedem
1779 2723 1948 2785 accedens

1148 2839 1249 2900 super
1267 2823 1330 2884 hoc
1345 2823 1475 2883 nostras
1494 2822 1536 2882 ad
1555 2823 1599 2895 te,
1612 2821 1660 2881 tili
1676 2799 1887 2892 scholastice,
1904 2837 1948 2882 ac

1147 2919 1399 2997 quosdamalios
1410 2921 1476 2980 tam
1488 2920 1603 2980 contra
1614 2918 1736 2980 dictum
1747 2918 1945 2996 capitulum,

1148 3031 1246 3095 quam
1262 3017 1375 3078 contra
1391 3015 1547 3092 praelatos
1560 3015 1722 3078 decanum
1734 3019 1788 3087 G,
1803 3015 1835 3077 et
1848 3029 1950 3092 quos·

570 3119 605 3178 26
617 3119 740 3192 januarii
756 3119 835 3176 liii.
1148 3113 1223 3174 dam
1234 3113 1319 3175 alios
1335 3113 1374 3174 de
1390 3113 1535 3190 capitulo
1551 3113 1663 3189 plures
1678 3111 1800 3174 dicitur
1812 3112 1948 3173 litteras

299 2787 351 2846 Ad
371 2787 609 2848 scholasticum
631 2789 666 2848 S.
687 2788 790 2848 Pauli
809 2781 1093 2854 dicoecesanam

337 2885 520 2959 Huponem
548 2887 789 2960 Burptcnscm,
819 2882 854 2943 ct
883 2882 1093 2957 magistrum

336 2983 446 3055 Gonn,
462 2985 665 3042 canonicum
679 2983 896 3042 lismensem.

330 3250 552 3316 ppmtnfflp
564 3250 638 3316 epia.
649 3251 773 3302 mm
786 3251 823 3302 ι,
834 3249 953 3302 romeu
966 3247 1060 3312 rhed]
1147 3212 1343 3288 impetrasse
1367 3212 1406 3272 de
1425 3210 1746 3288 appellationeque
1768 3209 1948 3286 interjecta

1147 3307 1265 3380 iuerat,
1285 3324 1351 3370 non
1367 3307 1480 3369 habita
1502 3309 1681 3369 mentione.
1701 3309 1810 3379 Quare
1825 3307 1947 3367 humi-

297 3384 419 3443 Causam
442 3383 478 3442 de
502 3383 688 3458 prepositura
712 3383 841 3441 ecclesio
864 3383 975 3440 Sancta
996 3380 1093 3439 llariae
1148 3405 1225 3466 piper
1254 3405 1420 3482 petierunt
1453 3405 1525 3476 tihi,
1559 3407 1593 3466 et
1619 3404 1696 3465 aliis
1728 3403 1872 3465 inhiberi
1901 3421 1948 3465 ne

470 3471 658 3533 Vifdvssessiv
671 3473 740 3546 ipsis
755 3471 914 3530 ⁰⁰mmiffl‘·
1147 3503 1371 3580 procederetis
1400 3503 1598 3562 auctoritate
1631 3499 1823 3578 hujusmodi
1849 3500 1949 3562 litte-

337 3607 515 3682 Honorius,
529 3609 604 3676 etc,
620 3607 750 3670 dilectis
766 3607 880 3668 tiliis...
893 3604 1092 3668 scholastico
1147 3615 1271 3672 rarum,
1289 3599 1445 3660 revocato
1458 3598 1493 3659 in
1512 3598 1656 3670 irritum,
1678 3597 1741 3659 sia
1764 3599 1797 3660 te
1814 3613 1854 3659 ac
1873 3597 1948 3658 illis

299 3707 334 3768 S.
355 3705 452 3766 Pauli
469 3705 696 3776 Treverensis,
713 3705 745 3765 et
764 3703 897 3780 Hugoni
918 3701 1093 3778 Burgiensi
1147 3697 1183 3758 in
1206 3697 1318 3774 aliquo
1342 3698 1392 3758 est
1413 3711 1605 3773 processum
1627 3697 1660 3756 et
1681 3710 1815 3756 causam
1838 3695 1950 3771 ipsam

300 3803 334 3864 et
347 3803 507 3877 magistro
522 3805 559 3864 G.
575 3803 669 3880 Goyn
682 3801 843 3862 canonico
857 3799 1024 3868 Remensi,
1038 3814 1095 3860 sa-
1148 3793 1260 3870 prohis
1276 3793 1358 3854 viris
1377 3792 1566 3870 suspicione
1586 3791 1776 3854 carentibus
1795 3791 1951 3868 delegari

299 3897 414 3970 lutam,
434 3900 497 3960 etc.
1148 3890 1314 3952 mediante
1336 3889 1467 3968 justitia
1494 3889 1715 3951 terminanda.
1741 3890 1810 3950 Nos
1833 3891 1950 3950 autem

338 3997 389 4056 Ex
423 3995 517 4072 parte
545 3993 658 4056 dilecti
683 3993 744 4054 tilii
773 3995 811 4054 o.
843 3991 884 4053 de
912 3991 1093 4068 Tirangulo
1149 3989 1281 4066 utrique
1296 3987 1383 4064 parti
1403 4002 1498 4046 suam
1512 3986 1661 4048 volentes
1674 3986 1841 4063 justitiam
1862 4001 1952 4048 con-

298 4091 397 4158 electi
421 4092 455 4152 in
482 4091 697 4168 praepositum
733 4090 767 4151 et
797 4089 935 4166 capituli
962 4090 1093 4151 Sanctae
1149 4101 1294 4157 servare,
1316 4085 1352 4146 ut
1367 4083 1530 4162 jndicium
1552 4083 1624 4144 sine
1648 4081 1839 4160 suspicione
1860 4099 1952 4160 pro-

299 4191 415 4250 Mariae
429 4188 635 4264 Magdalenae
654 4187 873 4249 virdunensis
888 4186 951 4248 luit
970 4201 1094 4262 propo·
1149 4181 1254 4253 cedat,
1271 4197 1341 4254 voa,
1359 4179 1420 4240 tilii
1437 4182 1477 4241 Η.
1494 4179 1527 4241 et
1542 4183 1592 4252 G„
1609 4180 1681 4242 vice
1697 4179 1845 4241 omnium
1859 4179 1952 4240 alio-

299 4289 398 4350 situm
419 4301 531 4348 coram
550 4283 656 4358 nobis,
674 4283 760 4364 quod
775 4282 976 4346 venerabilis
991 4281 1095 4344 irater
1148 4295 1221 4340 rum
1233 4277 1384 4356 jndieum
1400 4294 1442 4340 ex
1455 4277 1567 4338 nostro
1587 4275 1806 4354 subrogantes
1820 4276 1948 4350 cilicio,

298 4387 412 4446 noster
424 4381 694 4458 archiepiscopus
709 4380 925 4442 Treverensis
938 4393 1094 4440 asserens
1148 4375 1220 4448 tibi,
1241 4375 1288 4435 lili
1303 4373 1512 4446 scholastice,
1530 4374 1686 4436 duximus
1703 4371 1950 4450 adjungendos,

298 4497 359 4543 nos
375 4479 440 4541 sihi
458 4479 581 4540 litteris
600 4477 799 4555 Apostolicis
815 4476 1036 4548 mandavisse,
1058 4476 1095 4536 ut
1149 4472 1342 4534 discretioni
1368 4473 1488 4534 vestrae
1517 4487 1577 4548 per
1602 4471 1792 4548 apostolica
1816 4471 1950 4547 scripta

300 4577 341 4638 do
369 4577 481 4653 aliquo
501 4577 683 4652 personatu
703 4575 844 4634 vacante
871 4574 906 4632 in
930 4587 990 4632 sua
1012 4587 1093 4648 pro·
1149 4569 1355 4642 mandantes,
1371 4569 1534 4646 quatenus
1546 4567 1587 4628 ad
1603 4583 1810 4629 communem
1821 4567 1950 4640 locum,

298 4674 411 4736 vincia
427 4675 478 4744 a„
488 4671 689 4732 virdunensi
704 4670 877 4742 canonice,
892 4668 1091 4744 provideret,
1148 4667 1181 4728 et
1197 4668 1303 4729 tutum
1319 4665 1550 4742 personaliter,
1568 4665 1597 4725 si
1612 4665 1783 4726 commode
1798 4663 1871 4726 lieri
1884 4682 1953 4742 po-

299 4770 488 4846 injunxisse
503 4769 686 4838 dichorii,
702 4765 863 4828 canonico
878 4765 1092 4834 virdunensi,
1149 4764 1239 4834 terit,
1267 4763 1417 4840 alioquin
1441 4761 1527 4823 alter
1551 4763 1701 4823 vestrum
1729 4764 1866 4824 Remea.
1889 4777 1955 4824 ac-

300 4869 336 4928 ut
351 4865 379 4928 si
399 4881 465 4942 qua
484 4865 629 4941 dignitas
649 4865 729 4925 tunc
744 4862 885 4925 vacabat
903 4863 939 4923 in
959 4861 1094 4923 dioecesi
1150 4860 1306 4932 cedendo,
1323 4858 1473 4936 partibus
1484 4859 1685 4930 convocatis,
1700 4857 1845 4920 audiatis
1859 4875 1953 4920 oau-

298 4961 513 5032 virdunensi,
533 4961 586 5022 vel
601 4962 736 5022 vacaret
753 4960 789 5021 in
808 4961 988 5036 posterum,
1006 4959 1096 5020 elec·
1150 4973 1232 5030 sam,
1258 4959 1291 5018 et
1317 4955 1403 5034 quod
1439 4955 1636 5018 canonicum
1670 4955 1782 5028 tuerit,
1819 4955 1952 5034 absque

299 5063 390 5124 tores
404 5060 511 5136 ipsius
526 5057 567 5119 ah
583 5056 728 5132 eligendi
745 5057 963 5134 suspenderet
979 5057 1093 5131 potos·
1150 5070 1252 5116 morae
1281 5051 1465 5130 dispendio,
1497 5051 1720 5130 appellatione
1750 5053 1951 5131 postposita,

300 5157 379 5230 tate,
410 5157 514 5218 donec
544 5170 644 5232 super
669 5153 861 5232 provisione
896 5142 1026 5230 praeiati
1054 5155 1093 5214 R.
1150 5151 1315 5223 statuatis,
1341 5149 1513 5217 iacientes,
1541 5151 1603 5211 etc.
1630 5150 1750 5211 Datum
1775 5151 1951 5226 Laterani,

301 5253 493 5318 mandatum
533 5254 622 5315 esset
652 5250 880 5330 apostolicum
909 5251 1093 5313 assecutus.
1149 5251 1208 5313 vll
1224 5247 1386 5310 kalendas
1399 5246 1571 5320 februarii,
1588 5263 1676 5310 anno
1692 5246 1880 5310 undecimo.
