4114 6322
94 385 156 446 tei
719 377 947 444 EPISPOLAE.
971 381 1051 444 LIB.
1074 384 1129 444 XI.
1684 383 1743 443 182

95 541 328 620 quantitatem,
342 538 445 601 certis
460 522 525 600 'sibi
539 527 612 600 loco
624 538 658 600 at
668 537 810 601 tsnnlno
824 555 897 617 per·
920 565 929 610 ι
951 557 1030 620 ergo
1045 555 1111 604 non
1121 543 1256 604 veretur
1267 541 1361 603 illum
1372 539 1539 603 offendere
1551 539 1739 614 Dominum,

95 639 305 711 solvendam,
319 638 406 700 sicut
420 638 455 699 in
467 637 587 698 litteris
602 637 762 698 confectis
775 635 896 699 exinde
952 655 971 702 a
984 653 1048 716 quo
1063 638 1259 701 sublimatus
1277 640 1329 701 est
1343 639 1436 715 regia
1449 637 1621 716 dignitate,
1639 653 1659 698 a
1674 651 1739 716 quo

96 738 222 799 dicitur
244 737 419 805 contineri,
445 737 493 805 tu,
526 735 604 796 licet
627 733 804 796 solutionis
821 737 895 797 ter·
951 733 1051 798 habet
1064 751 1130 798 non
1143 733 1467 799 solumomniabona
1481 751 1552 801 sua.
1570 735 1627 796 sed
1641 735 1743 796 aliam

96 835 212 896 minus
228 835 271 894 sit
285 834 432 909 elapsus,
449 831 490 892 de
505 832 645 908 pecunia
666 832 739 908 ipsa
758 829 821 892 sibi
840 847 897 892 sa·
952 836 1185 912 semetipsum?
1199 837 1307 906 Quare
1320 850 1386 895 non
1398 833 1513 895 metuit
1527 833 1615 893 illius
1627 835 1743 894 contra

97 932 256 994 tisfacere
278 945 344 990 non
359 929 495 1000 curasti,
519 928 756 1006 propterquod
775 927 897 990 damna
952 947 988 992 sa
1003 945 1185 1008 provocare
1205 931 1396 1009 potentiam,
1414 931 1470 1008 qui
1495 929 1594 992 babet
1617 929 1653 989 in
1673 929 1743 989 suis

95 1029 218 1106 grauia
237 1030 270 1089 et
288 1041 454 1104 expansas
474 1041 510 1086 sa
530 1026 681 1103 qnaeritur
700 1023 895 1087 incurrisse.
951 1027 1190 1096 manibus,ncn
1206 1029 1312 1090 solum
1327 1043 1480 1104 regnum,
1493 1027 1550 1088 sed
1566 1026 1665 1087 etiam
1679 1027 1744 1088 sta·

95 1126 186 1198 Quia
206 1137 286 1186 vero
310 1123 470 1200 praedicto
494 1122 598 1184 nobili
622 1121 809 1200 nequimus,
835 1137 897 1184 nec
951 1127 1020 1187 tum
1036 1139 1143 1198 suurn,
1167 1127 1223 1204 qui
1238 1127 1345 1204 potest
1366 1127 1399 1187 et
1420 1126 1566 1186 animam
1593 1121 1746 1192 suamet

94 1223 265 1294 volumus,
291 1223 441 1298 suajure
459 1221 588 1292 deesse,
614 1219 670 1297 qui
690 1235 805 1281 sumus
825 1235 899 1281 om·
952 1237 1071 1301 corpus
1095 1221 1225 1285 mittere
1254 1224 1288 1283 in
1308 1221 1513 1299 gehannamf
1541 1221 1694 1282 Profecto
1716 1219 1746 1281 si

94 1319 201 1382 nibus
221 1319 256 1380 ln
268 1319 400 1396 justitia
414 1317 591 1388 debitores,
614 1315 815 1379 fraternitati
829 1317 897 1378 tuae
953 1335 1028 1381 enm
1043 1319 1141 1396 digne
1154 1321 1326 1392 metueret,
1344 1335 1410 1381 non
1434 1318 1616 1380 offenderet
1636 1317 1746 1378 eccle-

94 1433 162 1496 per
172 1415 362 1494 apostolica
374 1413 497 1492 scripta
509 1415 715 1487 mandamus,
731 1413 896 1491 quatenus
953 1419 1020 1479 sias
1037 1425 1069 1480 et
1084 1417 1328 1480 ecclesiasticos
1343 1413 1444 1489 viros,
1463 1417 1520 1478 sed
1536 1417 1607 1494 ejus
1623 1415 1746 1476 intuitu

96 1516 134 1576 ei
166 1514 208 1574 de
235 1513 395 1590 praedicta
423 1512 565 1589 pecunia
596 1512 670 1572 sine
702 1510 897 1574 difficultate
953 1514 1116 1576 abeorum
1132 1515 1489 1592 offensasemetipsum
1511 1515 1545 1576 et
1567 1527 1744 1574 suescan-

97 1611 251 1689 qualibet
278 1609 479 1684 satisfacias,
506 1610 543 1671 ut
568 1609 704 1670 teneris.
740 1607 897 1685 Alioquin
952 1611 1018 1674 tius
1034 1611 1248 1678 cohiberet.»

96 1724 208 1786 usque
224 1707 265 1768 ad
281 1706 401 1768 festum
421 1707 634 1768 pentecostes
649 1706 756 1783 primo
773 1707 897 1770 ventu·-
993 1711 1032 1772 nt
1046 1711 1153 1772 infra:

97 1821 176 1870 rum
204 1819 265 1883 per
288 1805 445 1866 idoneum
473 1803 701 1880 responsalem
727 1804 843 1865 nostro
864 1803 898 1864 ta
992 1807 1071 1870 «Ab
1088 1809 1244 1869 beccum
1260 1805 1455 1886 disponendi
1471 1806 1512 1868 de
1526 1801 1746 1866 rebuseccle-

97 1905 297 1980 conspectui
311 1903 531 1978 repraesentes
547 1899 695 1963 facturus
708 1901 815 1961 eidem
828 1901 899 1976 jus·
953 1901 1097 1967 siasticis
1112 1905 1208 1968 laicis
1223 1905 1315 1967 nulla
1339 1905 1382 1966 sit
1404 1903 1562 1966 attributa
1582 1901 1739 1980 potestas,

96 2001 186 2064 titiee
215 1999 502 2077 complementum,
536 1999 646 2060 sciens
678 2013 739 2058 nos
766 1997 898 2059 dilectis
952 2003 1024 2079 ipse
1048 2001 1088 2063 de
1112 2003 1263 2064 ecclesiis
1292 2004 1333 2064 ad
1363 2001 1613 2080 dispositionem
1638 1997 1743 2074 ipsius

99 2099 222 2158 filiis...
243 2097 369 2158 decano
392 2096 460 2157 et...
483 2095 719 2156 archidiacono
742 2093 899 2156 Camlau-
953 2101 1100 2177 episcopi
1125 2099 1366 2178 pertinentibus
1402 2115 1462 2176 pro
1487 2113 1546 2159 sua
1574 2095 1744 2158 uoluntate

99 2195 200 2261 nansi
224 2194 355 2256 dedisse
377 2192 500 2254 nostris
524 2183 644 2253 litteris
665 2191 700 2252 in
720 2189 896 2262 mandatis,
953 2195 1114 2274 disponit;
1137 2199 1170 2260 et
1197 2215 1271 2262 cnm
1298 2197 1578 2275 praedecessorum
1609 2208 1745 2253 suorum

100 2293 140 2354 nt
159 2295 191 2353 te
212 2291 256 2352 ad
277 2291 418 2352 alierum
441 2289 684 2366 predictorum,
709 2289 738 2349 si
762 2303 898 2350 necesse
953 2295 1156 2372 temporibus
1189 2294 1469 2372 archipresbyteri
1502 2292 1543 2354 ad
1585 2290 1743 2352 vacantes

100 2385 898 2463 fuerit,auctoritatenostracompellant.Datum
954 2391 1112 2454 ecclesias
1139 2391 1296 2454 accedere
1322 2389 1568 2462 consueverint,
1597 2389 1629 2449 at
1656 2387 1743 2448 facto

100 2487 273 2558 Laterani,
290 2487 350 2548 XV
365 2483 526 2574 kalendas
545 2482 716 2557 februarii,
733 2499 820 2545 anno
837 2501 901 2545 un·
953 2490 1152 2564 inventario,
1169 2491 1258 2562 illas,
1275 2489 1379 2552 donec
1400 2489 1441 2550 ds
1454 2483 1640 2550 rectoribus
1653 2483 1742 2545 asset

100 2585 243 2645 decimo.
662 2570 665 2576 ’
954 2589 1135 2663 provisum,
1152 2587 1275 2648 eisdem
1295 2586 1379 2648 viris
1399 2583 1633 2647 ecclesiasticis
1649 2596 1745 2642 com·

143 2679 313 2758 Scriptum
328 2679 379 2742 est
393 2679 474 2742 illis.
955 2684 1123 2757 mendara,
1139 2701 1200 2746 rex
1214 2685 1286 2761 ipse
1301 2683 1333 2744 id
1349 2683 1496 2747 flerinon
1511 2679 1674 2763 permitit;
1688 2675 1746 2738 sed

955 2782 1066 2846 statim
1105 2781 1173 2848 illis
1204 2781 1411 2852 vacantibus,
1442 2777 1633 2855 irrequisito
1669 2775 1743 2851 ipso

478 2881 529 2974 LI
955 2878 1109 2956 episcopo
1124 2882 1262 2956 ejusque
1276 2878 1423 2950 vicariis,
1436 2891 1496 2953 per
1516 2873 1650 2936 nuntios
1664 2884 1744 2932 suos

955 2991 1009 3036 res
1020 2977 1159 3052 occupat
1173 2975 1374 3046 earumdem,
1395 2975 1428 3036 et
1442 2989 1500 3034 eas
1514 2971 1595 3034 facit
1609 2984 1667 3048 per
1680 2967 1747 3028 lai-

956 3089 1012 3134 cos
1027 3073 1240 3145 custodiri,et
1251 3076 1306 3151 jus
1317 3072 1511 3150 patronatus
1526 3071 1561 3130 in
1576 3065 1745 3144 aliquibus

956 3187 1070 3232 earum
1085 3171 1147 3232 sibi
1163 3175 1280 3232 contra
1295 3170 1460 3248 Justitiam
1472 3166 1644 3229 vindicare
1659 3177 1745 3224 con-

364 3253 398 3310 ¹⁸
421 3251 546 3325 ianuarii
566 3249 645 3308 ¹2²⁶·
956 3267 1105 3338 tendens,
1121 3265 1243 3338 adeas,
1260 3279 1335 3326 cum
1349 3263 1481 3334 vacant,
1491 3273 1653 3338 personas
1668 3257 1747 3318 inu-

232 3373 369 3442 [raynald
384 3375 478 3429 snnat.
490 3373 522 3426 aa
532 3385 592 3426 ann.
605 3373 675 3432 ¹2²⁷.
688 3371 762 3438 tlt]
956 3363 1043 3436 tiles,
1056 3363 1222 3426 interdum
1244 3365 1421 3428 extraneas
1435 3363 1468 3422 et
1480 3359 1623 3435 ignotas,
1640 3355 1748 3416 inter-

103 3495 158 3551 Eis
169 3489 268 3550 scribit
282 3489 318 3548 de
341 3489 507 3548 excessibus
521 3490 600 3562 regis
612 3489 775 3559 Lusitaniae,
792 3489 840 3561 qui
853 3503 900 3546 ec·
958 3462 1034 3522 dum
1044 3462 1085 3522 de
1098 3477 1158 3521 ⁸¹1³
1170 3460 1298 3521 familia
1312 3459 1378 3536 ipsi
1398 3458 1499 3534 elli-⁹³0·
1515 3449 1744 3564 {epffffffflntab

144 3581 241 3640 clesioe
272 3579 486 3652 portugalensis
501 3578 564 3652 jura
587 3577 750 3646 invadebat,
774 3583 903 3634 recenset
958 3575 1030 3636 ‘11¹ae
1046 3557 1238 3618 1¹0⁰V01U1¹t
1257 3557 1293 3618 in
1321 3555 1445 3616 eisdem
1465 3549 1681 3613 residenttam
1696 3546 1749 3606 fa·

143 3671 199 3726 alia
222 3667 350 3740 eJusdcm
380 3667 458 3740 regis
485 3667 618 3739 graviora
644 3664 780 3734 facinora,
802 3663 904 3736 quibus
958 3669 1045 3727 cere,
1060 3669 1121 3716 nec
1141 3654 1181 3715 ad
1194 3651 1442 3730 presbyteratus
1465 3648 1583 3711 curant
1597 3643 1748 3707 ordinem

143 3755 369 3814 ecclesiast-icam
396 3753 555 3810 libertatem
575 3752 774 3820 labefactabat,
804 3749 903 3822 eisque
959 3752 1156 3831 promoveri,
1174 3754 1272 3812 etc.»

144 3844 319 3911 mandatus
343 3841 598 3914 regemcensuris,
614 3839 902 3897 alemandareccm-
999 3851 1162 3911 necepses
1193 3847 1261 3910 appa
1283 3845 1438 3924 graviora
1465 3841 1555 3919 regis
1586 3837 1747 3906 facinora,

145 3933 234 3998 mim
249 3931 426 4000 detractavit,
440 3929 614 3987 ⁶⁸V³⁰⁰5⁰⁰b
959 3947 1077 4025 quibus
1089 3945 1351 4008 ecclesiasticam
1367 3941 1554 4004 libertatem
1566 3935 1750 3998 labefacta-

148 4075 167 4118 «
188 4055 388 4118 carissimus
408 4057 444 4117 in
462 4055 592 4117 Christo
608 4053 697 4120 illius
723 4052 836 4114 noster
857 4051 903 4113 if·
958 4045 1015 4106 bat
1028 4045 1127 4122 atque
1143 4043 1297 4120 episcopo
1321 4042 1432 4120 partas
1447 4035 1633 4105 demandat,
1646 4033 1682 4092 ut
1694 4045 1751 4091 re-

145 3027 199 3088 Ad
218 3027 426 3100 episcopum,
440 3027 607 3086 marstem
629 3023 665 3085 ct
683 3023 861 3084 cantorem

380 3127 626 3184 zamorenses.

105 4157 226 4218 lustris
249 4169 311 4217 rex
342 4155 543 4230 portugaliae
573 4153 659 4214 scire
681 4151 786 4223 debet,
818 4149 904 4228 quod
959 4125 1753 4220 gemcensuris,siemendarecommissadetrac-

105 4255 235 4332 quanto
253 4253 326 4314 ilex
344 4267 471 4328 regum,
489 4251 522 4312 et
542 4250 700 4312 Dominus
725 4247 903 4311 dominon·
959 4241 1048 4312 tarit,
1066 4237 1243 4299 devinciat.

104 4351 430 4427 trumbeusmajora
453 4347 517 4409 sibi
534 4347 716 4414 contulisse
732 4346 904 4422 dignoscr—
1001 4336 1153 4397 «natum
1168 4331 1335 4406 Laterani,
1363 4330 1423 4392 XV
1448 4327 1516 4388 nai.
1542 4323 1637 4395 febr,
1663 4333 1752 4381 anna

104 4451 178 4524 tur,
188 4448 281 4510 tanto
294 4449 452 4522 majorem
464 4445 505 4506 ab
519 4441 773 4509 codevotionam
789 4457 906 4520 expos·
960 4431 1176 4495 undecimo.»

105 4547 166 4618 cit,
176 4547 210 4606 et
217 4545 309 4606 tanto
318 4545 434 4606 contra
443 4556 529 4616 eum,
540 4541 671 4620 quando
681 4539 789 4618 ipsum
805 4537 906 4600 offen-

103 4643 168 4712 dit,
183 4641 327 4719 amplius
338 4639 541 4716 indignatur.
559 4641 628 4702 Hoc
643 4639 752 4699 autem
769 4637 905 4713 dignum
1322 4661 1395 4747 LII

104 4741 143 4804 et
157 4741 286 4818 justum
306 4753 379 4800 esse
398 4751 460 4798 rex
484 4737 554 4814 ipse
582 4734 749 4806 fatebitur,
766 4735 795 4794 si
811 4749 905 4810 aequa

103 4839 206 4898 lance
217 4835 341 4897 librare
351 4833 724 4904 volueritreritatem,et
734 4833 768 4891 in
784 4833 907 4892 semet·
1119 4815 1171 4875 Ad
1185 4815 1380 4888 &flitmum
1394 4811 1593 4871 melitem·

104 4937 220 5013 ipsum
232 4933 399 4994 curaverit
413 4931 585 4992 reflectere
598 4929 712 4991 oculos
728 4943 797 4989 suae
812 4943 907 4988 men·
1226 4952 1262 5010 25
1270 4950 1395 5024 januarii
1410 4950 1489 5008 itti.

104 5024 908 5106 tis.Sienimabaliquoperipsumamplishono·

105 5129 205 5191 ribus
227 5127 403 5189 sublimato
418 5141 454 5187 se
474 5125 652 5194 contemni,
670 5124 767 5200 atque
782 5121 906 5183 offendi

106 5225 330 5304 conspiceret,
347 5239 414 5284 non
425 5223 657 5298 indignaretur
667 5237 706 5282 00
721 5219 904 5282 vehemen.
962 5203 1041 5261 Facit
1059 5203 1086 5259 ei
1105 5207 1275 5274 potestatem
1295 5199 1448 5272 specialem
1465 5191 1635 5252 sacerdotes
1654 5199 1682 5249 et
1696 5191 1755 5249 cle·

105 5326 179 5387 tius
191 5323 306 5384 contra
323 5337 409 5388 eum,
434 5335 498 5398 quo
518 5319 549 5380 01
562 5319 725 5394 ampliora
744 5317 906 5378 beneficia
996 5293 1081 5360 ricos,
1097 5291 1146 5362 qui
1167 5287 1294 5390 patribus
1314 5289 1374 5344 suis
1395 5285 1424 5342 in
1442 5283 1589 5340 beneflciis
1608 5295 1756 5338 successe·

107 5419 308 5484 contulisset
322 5420 335 5478 f
350 5421 375 5479 O
393 5419 516 5494 quanta
532 5417 646 5477 contra
662 5431 737 5476 eum
751 5414 907 5489 indigna·
997 5387 1070 5448 Μ’
1088 5377 1250 5436 “¹¹¹⁰V0nd'·

105 5520 202 5580 tione
217 5515 434 5577 fervesceret!
451 5511 652 5591 Oquomodo
667 5512 755 5572 totus
771 5511 858 5572 esset
872 5511 906 5570 in
1001 5507 1182 5576 Honorius,
1208 5504 1284 5574 etc,
1308 5499 1493 5562 venerabili
1519 5495 1651 5558 fratri...
1677 5493 1753 5570 epi-

107 5614 259 5691 imagine
280 5627 398 5691 poenae,
416 5627 515 5688 quam
535 5609 647 5682 anxie,
664 5623 762 5686 quam
784 5607 907 5668 arden·
963 5619 1063 5681 scopo
1078 5600 1239 5672 Tullensi,
1255 5599 1407 5666 salutem,
1425 5596 1487 5656 etc.

106 5709 419 5790 terderindicanda
432 5707 602 5788 eainjuria
613 5705 906 5782 cogitaretiQuare
1003 5703 1053 5763 Ex
1066 5701 1124 5764 tua
1139 5695 1365 5760 insinuatione
1378 5691 1566 5762 didicimus,
1581 5679 1666 5768 quod
1681 5701 1760 5747 non·

975 5077 1096 5142 idapem..
1108 5076 1155 5130 tib.
1164 5075 1210 5137 Xl,
1220 5074 1296 5142 epist.
1310 5073 1366 5126 tet.
1382 5073 1440 5124 llas.
1454 5071 1490 5122 La
1506 5071 1582 5122 Porta
1594 5067 1629 5121 da
1645 5066 1742 5130 risit}
