4174 6324
134 379 180 439 ie
755 371 985 440 EPISTOLAE.
1012 375 1091 436 LIB.
1113 375 1153 436 X.
1736 383 1776 444 50

135 553 225 611 mus,
241 549 425 610 monemus,
442 533 476 598 et
488 533 662 598 hortamur
671 534 805 609 attente,
818 535 930 613 quate·
982 533 1115 606 latores,
1127 531 1219 596 tanto
1230 535 1336 611 magis
1346 551 1406 598 vos
1419 535 1554 600 dedecet
1567 537 1678 602 iacere
1688 539 1776 602 trau·

136 651 203 696 nus
230 635 409 710 diligenter
443 634 630 701 attendens,
664 649 762 710 quam
804 631 929 694 utiliter
982 633 1055 694 dem
1071 632 1148 707 legi,
1165 634 1198 693 et
1212 634 1396 709 praesertim
1412 635 1446 695 in
1465 637 1663 712 Apostolicee
1680 637 1775 698 Sedis

137 733 410 808 prospexerimus
425 731 531 791 eidem
543 731 762 804 strigoniensi
778 729 926 790 ecclesiae
981 713 1150 805 injuriam,
1161 729 1193 790 et
1203 731 1435 806 contemptum.
1450 733 1536 794 Sane
1549 733 1659 794 dilecti
1676 734 1774 795 iiiii...

138 843 181 888 ac
204 827 263 890 tibi
292 829 325 890 et
351 843 454 903 regno
479 827 537 888 tuo
558 828 594 888 in
620 843 761 903 persona
783 827 929 903 episcopi
983 825 1095 896 abbas,
1109 827 1337 888 etconventus
1352 829 1465 888 Sancti
1480 831 1632 890 Germani
1647 830 1777 892 dePra-

138 925 326 994 memorati,
350 925 384 984 in
397 924 483 985 sacto
498 924 698 1000 hujusmodi,
715 925 885 1000 acceptum
898 925 930 984 et
981 921 1025 983 tis
1040 923 1242 982 Parisiensis
1261 939 1397 998 gravem
1422 925 1463 984 de
1490 926 1583 985 vobis
1608 928 1776 1002 querimo-

139 1023 271 1097 gratum
299 1021 382 1080 iliud
418 1021 581 1092 habendo,
607 1021 771 1082 voluntati
806 1022 929 1082 nostrae
983 1019 1073 1079 niam
1091 1018 1289 1091 obtulerunt,
1307 1021 1392 1096 quod
1417 1020 1549 1097 quidam
1568 1025 1725 1095 vestrum,
1743 1025 1776 1086 et

139 1121 292 1194 prompto
318 1133 498 1180 concurras
524 1117 657 1190 affectu,
680 1119 793 1194 sicque
822 1118 929 1194 ipsum
983 1131 1098 1176 eorum
1113 1116 1273 1177 officiales
1288 1133 1361 1177 cum
1377 1117 1411 1178 in
1427 1133 1494 1189 eos,
1512 1121 1545 1179 et
1562 1119 1613 1178 sui
1642 1135 1777 1180 monas-

139 1215 332 1292 episoopum
347 1231 421 1274 cum
444 1231 602 1276 concessa
621 1215 683 1275 sibi
700 1231 719 1276 a
735 1215 829 1275 nobis
845 1215 931 1275 Stri—
982 1213 1059 1274 terii
1079 1213 1258 1274 monachos
1283 1229 1349 1276 non
1363 1215 1491 1291 possint
1507 1218 1776 1278 excommunica-

138 1311 294 1386 goniensi
318 1311 460 1372 ecclesia
479 1313 676 1388 propensius
698 1311 821 1372 habeas
846 1325 930 1372 com·
982 1309 1094 1380 tionis,
1111 1311 1348 1372 auliaterdicti
1360 1311 1508 1388 prolerre
1522 1315 1714 1386 sententias,
1736 1331 1775 1376 eo

138 1408 347 1483 mendatum3
365 1409 451 1485 quod
467 1411 500 1470 et
514 1409 600 1470 idem
613 1409 661 1471 tui
679 1408 801 1470 favoris
813 1407 931 1470 sufful-
983 1407 1069 1482 quod
1082 1423 1182 1483 super
1196 1407 1259 1468 hoc
1271 1409 1468 1484 apostolica
1482 1410 1576 1470 Sedis
1590 1411 1775 1486 privilegiis

137 1505 194 1564 tus
214 1505 374 1580 suffragio
396 1505 552 1582 prodesse
571 1506 635 1583 ipsi
656 1507 817 1578 ecclesiae,
837 1521 876 1567 ac
896 1506 930 1566 in
984 1505 1060 1564 sunt
1070 1503 1189 1565 muniti
1205 1505 1240 1564 in
1257 1520 1325 1577 eos,
1342 1506 1398 1581 qui
1413 1507 1542 1567 molunt
1555 1507 1590 1566 in
1609 1507 1776 1568 molendi-

139 1617 192 1674 ea,
216 1603 443 1678 disparatur,
467 1602 668 1664 fructificare
690 1603 811 1674 valeat,
838 1604 870 1664 et
894 1603 930 1663 tn
983 1601 1047 1672 nis,
1075 1602 1133 1662 aut
1155 1603 1300 1678 coquunt
1324 1603 1359 1661 in
1382 1601 1488 1662 turnis
1511 1619 1637 1675 eorum,
1664 1605 1777 1682 etqui

137 1699 292 1761 exindea
311 1703 378 1760 lieo
393 1701 546 1760 meritum
569 1701 795 1776 consequaris.
812 1699 930 1761 Datum
982 1698 1154 1758 vendendo
1170 1715 1229 1760 seu
1244 1697 1394 1770 emendo,
1410 1701 1468 1762 aut
1481 1700 1566 1761 alias
1581 1702 1612 1762 ei
1626 1717 1778 1764 commu-

137 1797 307 1870 Laterani,
323 1795 398 1857 idus
415 1797 537 1868 martii,
555 1811 642 1857 anno
658 1797 797 1857 decimo.
983 1796 1106 1866 nicant,
1124 1797 1304 1858 sententias
1326 1795 1497 1873 proterunt
1517 1800 1727 1871 memoratas,
1745 1801 1778 1862 et

983 1893 1031 1953 sic
1054 1895 1319 1969 Apostolicorum
1345 1895 1596 1970 privilegiorum
1609 1913 1675 1957 non
1694 1897 1773 1968 vim,

983 1990 1017 2050 et
1044 1991 1250 2065 potestatem,
1279 1991 1335 2052 sed
1364 1992 1435 2052 sola
1462 1992 1564 2053 verba
1589 1995 1772 2066 servantes,

983 2085 1063 2146 dicti
1090 2087 1283 2148 monasterii
1309 2089 1488 2148 monachos
1513 2090 1654 2164 quodam
1680 2091 1777 2152 modo

984 2184 1281 2254 excommunicant,
1304 2184 1381 2244 dum
1408 2184 1456 2244 eis
1483 2185 1568 2246 alios
1594 2188 1779 2246 communi-

983 2296 1060 2341 care
1075 2296 1142 2341 non
1160 2281 1283 2342 sinunt.
1301 2284 1348 2342 Ex
1362 2297 1426 2358 quo
1441 2281 1523 2342 illud
1541 2282 1642 2342 etiam
1666 2283 1777 2344 evenit

983 2377 1232 2450 inconveniens,
1247 2379 1284 2439 ut
1308 2379 1371 2454 ipsi
1391 2379 1545 2439 monachi
1559 2381 1718 2455 quantum
1735 2379 1777 2440 ad

983 2476 1046 2536 hoc
1069 2475 1261 2551 jndicentur
1282 2475 1410 2551 judicio
1436 2477 1638 2549 iudaeorum,
1662 2477 1696 2538 et
1721 2477 1778 2554 qui

983 2573 1032 2632 eis
1047 2573 1291 2633 communicant
1305 2573 1339 2632 in
1353 2571 1520 2650 praedictis
1532 2576 1692 2650 majorem
1705 2590 1779 2649 poe·

178 2693 358 2764 Honorius,
380 2695 455 2766 0ch
484 2695 639 2771 episcopo
665 2693 928 2770 Wesprimiensi·
984 2685 1060 2730 nam
1076 2669 1257 2741 incurrant,
1276 2686 1373 2746 quam
1401 2669 1500 2731 etiam
1516 2671 1778 2730 excommunica-

178 2791 216 2849 1„
229 2805 419 2864 gravamen,
436 2792 474 2851 ug
488 2807 596 2864 suppa
612 2807 718 2864 usque
732 2791 882 2866 fatigata,
897 2793 929 2852 te
983 2766 1026 2828 tis
1048 2767 1321 2828 communicando
1350 2766 1482 2828 fuerant
1505 2767 1683 2828 incursuri.
1708 2769 1780 2828 No·

135 2885 179 2946 ad
202 2886 320 2961 ipsam,
338 2903 435 2964 quam
458 2888 622 2947 credimus
640 2889 880 2949 incrementum
894 2887 930 2948 jn
983 2863 1088 2924 lentes
1104 2864 1207 2938 igitur
1221 2863 1284 2924 hoo
1298 2863 1424 2923 crebris
1440 2865 1481 2924 ad
1501 2881 1562 2925 nos
1577 2865 1778 2924 clamoribus

136 2983 369 3057 spiritualibus
383 2987 415 3044 et
429 2983 667 3060 temporalibus
682 2984 742 3044 sub
766 2985 822 3046 tuo
838 2985 929 3060 regi·
979 2963 1050 3036 jam
1078 2960 1205 3036 perlata
1234 2959 1374 3020 Ulterius
1406 2960 1476 3020 ‘⁸⁸¹³
1514 2961 1778 3022 dISSimulafifflffi
1847 2973 1851 2984 ’

135 3079 228 3140 mine
250 3081 487 3156 suscepturam,
513 3081 553 3142 de
574 3081 713 3141 fratrum
742 3082 927 3141 nostrorum
983 3057 1137 3128 transire,
1158 3055 1252 3117 vohis
1275 3057 1450 3128 universis,
1480 3058 1513 3118 et
1533 3057 1674 3132 singulis
1703 3058 1776 3118 dis-

470 2021 595 2108 CXIII

134 2173 189 2230 Ad
202 2171 388 2232 liebertum
403 2174 598 2246 episcopum
616 2174 927 2246 Wcsprtmtcoscm.

421 2301 454 2359 13
468 2303 562 2359 martii
578 2302 657 2360 iiio.

279 2425 368 2491 [Fejer,
384 2424 446 2477 cod.
459 2425 520 2490 dipl.
534 2427 625 2488 Hung,
635 2426 678 2484 iil,
694 2441 722 2483 il,
739 2425 790 2490 83]

237 2561 298 2618 lioc
312 2560 405 2631 ipsum
418 2560 505 2616 etiam
521 2559 643 2618 lioberto
659 2559 764 2616 notitiae
776 2557 834 2616 dat.

137 3175 294 3245 consilio,
306 3177 540 3237 assumendum
555 3194 597 3238 ex
608 3177 717 3238 oiiioio
729 3179 841 3238 nostro
857 3193 930 3254 pro·
983 3154 1174 3216 “issffiSSime
1202 3153 1402 3224 inhibemus,
1429 3155 1681 3230 11thi'usmodi
1704 3171 1779 3232 PPO·

135 3271 282 3332 vidimus
313 3274 346 3334 in
371 3277 552 3350 pastorem
579 3277 676 3352 atque
705 3275 930 3336 absolutum
983 3249 1071 3311 terre
1086 3251 1268 3311 sententias
1287 3251 1461 3311 decaetero
1483 3253 1703 3327 praesumatis,
1721 3253 1778 3312 sed

135 3369 283 3440 vinculo,
299 3372 374 3442 etc„
390 3386 496 3444 usquc
523 3371 724 3432 transeundi.
747 3372 828 3442 Quia
850 3387 929 3432 vero

136 3467 350 3528 translationi
377 3465 567 3546 hujusmodi
596 3469 627 3530 te
652 3469 746 3530 decet
760 3469 930 3530 humiliter

137 3562 338 3634 consentire,
365 3578 407 3622 ne
434 3564 600 3624 vocationi
616 3563 737 3624 divinae
751 3565 927 3631 contraire,

136 3660 167 3718 si
183 3675 280 3719 secus
301 3675 429 3734 ageres
457 3660 613 3732 videaris,
644 3661 843 3722 fraternitati
864 3663 930 3721 tuae

137 3756 173 3815 in
189 3755 311 3818 virtute
333 3755 529 3817 obedientiae
550 3757 771 3832 praecipiendo
788 3757 929 3817 manda-

137 3869 223 3924 mus,
238 3853 400 3929 quatenus
421 3853 458 3912 in
473 3853 532 3913 Dei
546 3854 680 3914 nomine
699 3853 803 3928 ipsius
819 3853 929 3914 eccie-

137 3949 197 4008 siae
211 3965 325 4010 curam
345 3950 518 4026 suscipias,
537 3951 569 4011 et
592 3949 633 4010 ad
663 3965 736 4010 eam
764 3951 928 4021 transeas,

138 4045 212 4105 sine
224 4061 329 4117 mora,
341 4045 453 4122 ibique
463 4047 495 4107 ta
507 4046 607 4106 talem
621 4046 791 4118 exhibeas,
806 4049 842 4108 ut
857 4061 931 4107 cum

138 4141 277 4202 honoris
299 4145 475 4217 augmento
510 4143 654 4207 crevisse
682 4143 717 4204 in
754 4143 931 4206 virtutibus

139 4238 376 4314 comproberis.
394 4241 511 4302 Datum
524 4241 682 4316 utsupra.

477 4445 597 4530 CXIV

137 4595 191 4653 Ad
213 4595 485 4667 archiepiscopos
506 4596 540 4655 ot
565 4598 738 4670 episcopos
762 4599 799 4657 io
824 4610 930 4672 regino

451 4695 622 4752 Fraricioe.

418 4821 451 4877 ii
464 4821 557 4878 martii
574 4823 653 4880 1226.

191 4942 311 5007 [Regesi.,
324 4942 369 4992 lib.
383 4943 414 5002 X,
426 4957 464 5008 ep.
475 4943 529 4994 iis.
538 4945 595 4994 iiss.
613 4945 649 4995 La
662 4945 735 4996 Poris
745 4945 780 4995 du
792 4945 884 5011 Theti]

166 5065 280 5124 inhibet
292 5081 329 5124 ne
341 5067 498 5125 monachos
511 5069 606 5125 Sancti
618 5069 752 5126 Germani
765 5069 800 5126 de
811 5069 903 5128 Pratis

316 5157 566 5212 excommunicare
577 5165 761 5228 praesument.

179 5281 361 5348 Honorius.
390 5281 466 5348 etc..
492 5281 738 5343 venerabilibus
775 5281 932 5345 tratribus

142 5377 413 5453 archiepiscopis,
432 5381 464 5439 et
478 5378 641 5456 episcopis
655 5379 691 5439 in
709 5395 811 5456 regno
826 5379 933 5440 Fran-

143 5475 202 5535 ciee
217 5475 416 5546 constitutis
431 5476 570 5536 salutem
586 5477 618 5536 et
638 5477 860 5554 Apostolicam
875 5475 934 5538 be·

144 5571 376 5632 nedictionem.

182 5669 310 5738 Quanto
326 5667 467 5745 amplius
483 5683 556 5730 esse
582 5667 707 5733 debetis
718 5671 857 5747 justitiae
876 5686 933 5732 ze-

984 3349 1014 3408 si
1026 3348 1165 3409 forsitan
1179 3348 1267 3408 inter
1280 3363 1350 3418 vos,
1365 3350 1398 3408 et
1419 3348 1567 3423 ejusdem
1582 3349 1776 3410 monasterii

984 3445 1164 3505 monachos
1210 3445 1356 3520 aliquam
1394 3445 1572 3519 contigerit
1609 3461 1779 3520 emergere

984 3542 1210 3618 questionem,
1226 3541 1267 3601 ad
1282 3540 1481 3615 apostolicae
1498 3540 1592 3600 Sedis
1606 3541 1777 3613 indicium,

984 3638 1126 3698 sialiter
1150 3636 1253 3713 sopiri
1278 3636 1476 3712 nequiverit,
1491 3635 1689 3712 perforatur,
1705 3653 1778 3714 quoe

983 3735 1077 3795 vobis
1089 3734 1227 3809 justitiae
1251 3734 1489 3809 plenitudinem
1511 3733 1691 3804 exhibebit,
1717 3749 1777 3810 pro

985 3833 1075 3892 certo
1095 3831 1250 3902 scientes,
1267 3829 1353 3906 quod
1381 3830 1410 3889 si
1430 3831 1513 3890 tales
1540 3831 1722 3892 sententias
1737 3831 1778 3891 de

984 3928 1104 3987 caetero
1120 3926 1335 4002 protuleritis,
1350 3941 1421 3997 nos,
1437 3941 1511 3986 curn
1524 3925 1557 3985 id
1570 3925 1666 3986 nobis
1679 3941 1779 3987 cons·
1811 3995 1812 3998 Ἴ

983 4023 1100 4095 titerit,
1128 4039 1184 4084 aas
1217 4023 1374 4098 tanquam
1398 4023 1513 4083 contra
1547 4021 1777 4084 inhibitionem

986 4121 1081 4180 Sedis
1105 4119 1302 4195 Apostolicae
1321 4119 1545 4194 promulgatas
1560 4118 1777 4178 decernemus

985 4217 1098 4278 irritas
1120 4217 1153 4277 et
1176 4216 1305 4285 inanes,
1323 4217 1355 4275 et
1378 4214 1641 4291 promulgatores
1662 4229 1777 4274 earum

986 4313 1164 4374 severitate
1177 4311 1338 4374 canonica
1353 4312 1568 4384 corrigemus.
1585 4311 1703 4371 Datum
1718 4312 1779 4370 La·

985 4409 1104 4477 tareni,
1122 4411 1151 4469 li
1163 4407 1238 4467 idus
1252 4407 1374 4477 martii,
1392 4421 1479 4466 anno
1494 4405 1632 4466 decimo.

1334 4663 1433 4750 CXV

1025 4819 1076 4877 Act
1090 4816 1243 4877 abaciam
1257 4813 1290 4874 et
1303 4811 1506 4873 conventum
1519 4815 1552 4872 S.
1573 4813 1739 4873 Germani

1175 4913 1216 4972 dc
1228 4909 1349 4971 Protis
1363 4911 1588 4969 Poristensis

1264 5039 1298 5096 ii
1311 5039 1405 5096 martii
1417 5038 1494 5096 iiio.

1018 5166 1139 5230 [ilogesi.,
1149 5163 1195 5214 lib.
1206 5163 1238 5222 X,
1249 5161 1325 5228 epist.
1336 5160 1392 5210 itt.
1405 5161 1465 5211 iiss.
1475 5161 1511 5210 La
1521 5161 1596 5210 Porto
1606 5159 1641 5210 du
1653 5159 1748 5225 Thali]

986 5289 1098 5349 inhibet
1132 5289 1160 5345 in
1191 5289 1319 5360 ipsorum
1353 5283 1481 5341 savorem
1508 5297 1545 5339 ne
1573 5283 1780 5356 archicpiscopi

1021 5379 1106 5434 aliive
1125 5375 1232 5449 prelati
1248 5375 1462 5447 procurationes
1485 5371 1521 5428 nb
1535 5371 1663 5443 ipsorum
1686 5371 1777 5428 domi·

1021 5466 1083 5535 bus,
1107 5481 1170 5536 qiiae
1184 5463 1347 5522 visitatione
1370 5475 1428 5518 non
1447 5459 1587 5532 indigent,
1611 5466 1779 5528 extorquere
1828 5539 1832 5548 Ι

1023 5558 1206 5627 presumant.

1026 5669 1204 5740 Honorius
1224 5667 1299 5738 etc,
1321 5665 1450 5728 dilectis
1466 5663 1593 5725 tiliis...
1617 5660 1727 5723 abbati
1747 5663 1780 5726 et
