4174 6324
296 385 337 448 21
910 367 1085 433 HONORII
1107 365 1153 430 111
1174 367 1322 429 OPERA.
1895 363 1935 424 28

296 543 528 606 inhibitionem
543 539 601 600 aut
615 533 863 598 concessionem
882 531 1030 592 nostram
1046 528 1087 589 ab

296 639 463 718 aliquibus
488 635 633 697 indebite
658 631 836 692 molestari.
863 628 986 704 Siquis
1007 641 1087 686 vero

297 741 412 799 contra
427 733 659 795 inhibitionem
672 732 818 792 nostram
833 727 868 786 in
884 726 1088 786 nominatam

294 839 455 909 reginam,
471 832 525 892 vel
538 831 661 890 terram
678 830 749 902 ejus
764 821 1086 885 excommunicatio·

295 932 349 991 nis
360 929 412 989 vel
425 927 592 988 interdicti
604 924 788 986 sententias
803 924 876 998 post
890 918 1089 995 appellatio-

296 1043 371 1090 nem
383 1027 425 1088 ad
439 1041 500 1086 uos
516 1019 898 1098 legitimeiuterpositam
911 1029 1089 1092 praesump·

298 1125 380 1186 serit
417 1121 638 1200 promulgare,
671 1133 730 1178 vos
763 1131 821 1176 eas
855 1113 1088 1174 denuntiantes

296 1223 428 1300 penitus
440 1219 550 1280 nullas
566 1233 651 1286 esse,
662 1213 806 1275 audiatis
820 1213 847 1271 si
860 1211 937 1287 quid
950 1223 1087 1270 reman-

300 1319 382 1380 serit
409 1315 612 1394 quaestionis,
644 1316 677 1375 et
718 1311 939 1388 appellatione
974 1321 1087 1367 remo-

297 1419 341 1487 ta,
359 1417 434 1485 etc,
451 1428 557 1486 nsque
582 1411 763 1472 observari.
778 1409 903 1472 Testes,
919 1407 979 1465 etc.
997 1399 1088 1475 Quod

300 1513 330 1573 si
341 1527 408 1572 non
424 1525 549 1582 omnes,
562 1510 624 1570 etc.
641 1507 760 1568 Datum
774 1507 810 1566 ut
821 1503 920 1571 infra,
932 1501 995 1561 col.
1010 1502 1060 1560 29.

633 1780 755 1866 XCVI

330 1937 382 1998 Ad
396 1935 635 2010 lnpeonrpem,
652 1932 825 2004 attondens
838 1929 1056 1988 Francorum

606 2041 778 2102 reptatam.

556 2156 589 2213 iti
605 2153 736 2211 februarii
754 2153 831 2211 tile.

329 2282 466 2347 [Bonquet
479 2281 538 2330 Hec.
553 2279 596 2328 des
609 2278 683 2335 Hist,
696 2277 763 2334 xlx,
774 2275 834 2334 770;
847 2276 956 2338 aegon,
966 2273 1012 2324 lib.
1025 2273 1057 2332 lt,

615 2357 688 2422 epist.
702 2357 770 2420 201]

297 2467 463 2527 constitutis
484 2481 500 2522 a
520 2465 620 2536 regius
638 2462 793 2519 redditibus
814 2477 863 2533 pro
885 2459 1089 2518 sustentatione

332 2555 467 2614 tredecim
480 2553 707 2626 presbyterorum
719 2551 746 2606 iu
759 2549 890 2621 hospitali
901 2547 1090 2606 corboliensis

332 2643 438 2715 oppidi,
455 2643 509 2714 piis
523 2641 586 2713 ejus
603 2641 676 2696 votis
690 2653 820 2694 annuens
835 2637 976 2694 Honorius
988 2651 1087 2708 perpe-

333 2739 412 2788 tuam
427 2728 622 2786 fundationem
637 2727 700 2800 eius
714 2726 873 2783 coufirmat.

337 2856 504 2917 Honorius
546 2853 720 2929 episcopus
724 2895 783 2911 .....
831 2849 1013 2911 carissimas
1055 2850 1089 2910 in

299 2953 430 3014 christo
460 2952 537 3012 filiae
555 2947 760 3028 1(ngeburgi)
777 2948 941 3025 quondam
965 2947 1090 3022 reginae

299 3053 502 3112 Francorum
515 3047 648 3118 illustri,
661 3047 787 3106 relictae
798 3045 929 3121 inclytae
940 3043 1091 3104 recorda·

297 3147 400 3206 tionis
416 3145 562 3219 Philippi
575 3143 664 3216 regis
678 3141 838 3211 Franciee,
856 3141 1006 3211 salutem,
1027 3141 1088 3200 etc.

339 3242 430 3302 Solet
442 3254 589 3302 annuere
606 3238 708 3298 Sedes
721 3237 910 3312 Apostolica
925 3237 990 3312 piis
1005 3237 1090 3297 votis

297 3340 330 3400 et
344 3338 494 3399 honestis
510 3336 690 3412 petentium
706 3333 858 3410 precibus
873 3333 1020 3394 favorem
1033 3332 1092 3393 be-

297 3436 452 3497 nevolum
472 3433 645 3510 impertiri.
671 3433 720 3492 Hx
739 3432 832 3512 parte
852 3430 1014 3506 siquidem
1034 3431 1091 3492 tua

298 3531 361 3594 fnit
384 3531 479 3592 uobis
504 3530 674 3590 humiliter
699 3529 920 3604 supplicatum
944 3529 990 3598 ut,
1017 3543 1090 3587 cum

299 3628 430 3689 dilectis
445 3628 532 3686 filins
548 3626 713 3686 Guarinus
727 3625 766 3685 de
781 3625 1002 3696 Monteacuto,
1020 3639 1092 3684 ma-

297 3725 401 3802 gister
416 3722 600 3798 Hospitalis
620 3721 922 3796 Hierosolymitani,
946 3721 986 3780 de
1001 3735 1092 3781 com-

299 3821 391 3882 muni
412 3820 550 3881 consilio
576 3819 608 3879 et
632 3833 772 3878 assensu
795 3817 934 3878 fratrum
956 3833 1090 3878 suorum

298 3921 331 3979 et
353 3917 490 3992 capituli
507 3915 684 3991 generalis
705 3913 766 3975 tibi
781 3914 983 3974 concesserit
1005 3915 1090 3996 quod

298 4014 335 4076 in
361 4013 504 4074 ecclesia
527 4011 709 4088 Hospitalis
734 4011 913 4070 eorumne
940 4010 1091 4072 corbolio

298 4109 456 4174 tredecim
477 4106 597 4171 fratres
615 4107 809 4185 presbyteri,
834 4107 1013 4168 secundum
1031 4123 1090 4169 or-

298 4207 729 4270 dinemetconstitutionem
740 4203 1088 4281 Hospitalisejusdem,

296 4305 543 4382 inperpetuum
564 4319 624 4380 pro
643 4302 754 4364 anima
773 4301 851 4362 dicti
866 4301 955 4377 regis
971 4303 1003 4362 et
1021 4304 1088 4374 tua,

297 4403 546 4464 antecessorum
572 4402 605 4462 et
631 4414 861 4461 successorum
890 4400 1088 4470 vestrorum,

299 4499 408 4560 officia
421 4499 535 4558 divina
551 4498 727 4568 celebrent,
746 4513 785 4557 ac
804 4499 841 4558 tu
855 4497 961 4557 eidem
979 4495 1090 4556 domui

297 4609 357 4670 pro
370 4593 611 4654 sustentatione
625 4592 787 4652 dictorum
800 4591 950 4662 fratrum,
963 4591 1091 4653 scilicet

298 4705 358 4770 pro
374 4688 520 4766 quolibet
535 4688 736 4759 eorumdem,
754 4703 901 4748 aunuum
917 4687 1089 4749 duodecim

296 4786 459 4847 librarum
480 4785 643 4847 redditum
667 4784 848 4846 contuleris
871 4784 994 4844 iutuitu
1018 4785 1091 4860 pie-

296 4883 386 4954 tatis,
399 4883 647 4944 concessionem
656 4882 761 4958 ipsam
772 4881 961 4958 Apostolico
972 4881 1090 4956 digna-

296 4995 409 5042 remur
423 4979 606 5040 mnnimine
625 4978 799 5054 roborare;
821 4995 881 5039 nos
895 4979 1007 5054 igitur,
1022 4980 1089 5039 tuis

297 5077 424 5138 devotis
448 5076 601 5153 precibus
624 5077 755 5151 gratum
778 5076 1004 5152 impertientes
1033 5091 1090 5137 as·

297 5187 442 5245 sensum,
464 5173 711 5234 concessionem
730 5171 912 5248 praefatam,
935 5173 1021 5234 sicut
1034 5175 1088 5249 pie

296 5284 336 5330 ac
357 5270 494 5346 provide
517 5269 604 5331 facta
629 5270 689 5341 est,
715 5270 748 5329 et
765 5267 802 5328 in
825 5269 946 5331 litteris
968 5270 1088 5332 exinde

296 5366 466 5438 confectis,
497 5381 636 5443 quarum
664 5368 812 5427 tenorem
839 5368 879 5427 de
914 5367 1014 5428 verbo
1047 5368 1088 5428 ed

294 5463 432 5526 verbnm
450 5462 669 5540 presentibus
684 5465 902 5540 praecepimus
922 5466 1086 5536 annotari,

295 5561 425 5638 plenius
454 5561 651 5630 continetur,
675 5561 866 5638 spostotiea
889 5563 1088 5624 auctoritate

330 5672 371 5748 (l)
387 5675 486 5745 coppi.
501 5685 632 5732 numero.

1143 525 1388 594 confirmamus,
1400 525 1434 584 et
1445 521 1617 598 praesentis
1626 521 1740 597 scripti
1750 521 1934 597 patrocinio

1143 623 1394 684 communimus
1417 622 1524 680 Tener
1548 620 1659 680 autem
1677 619 1827 694 ipsarum
1845 618 1936 680 litte-

1142 735 1256 780 rarum
1271 723 1323 778 est
1336 717 1413 778 talis
1431 737 1438 776 ε

1182 816 1343 876 Noverint
1359 813 1509 874 universi
1532 812 1618 888 qnod
1647 828 1707 874 nos
1723 810 1826 872 frater
1846 816 1936 873 Gua-

1142 915 1238 974 rinus
1249 913 1289 974 de
1304 913 1525 980 licuteacuto,
1544 910 1604 970 Dei
1619 911 1727 984 gratia
1740 912 1864 972 sanctae
1875 911 1936 970 do-

1143 1028 1216 1070 mus
1245 1009 1427 1085 Hospitalis
1456 1009 1749 1083 Hierosolymitani
1776 1009 1936 1082 magister

1143 1107 1316 1168 humiliset
1329 1121 1509 1181 pauperum
1519 1105 1643 1164 Christi
1658 1107 1779 1174 custos,
1794 1105 1834 1164 ad
1856 1105 1936 1181 peti·

1142 1206 1266 1265 tionem
1297 1203 1512 1264 nobilissimae
1537 1202 1677 1262 dominas
1704 1203 1737 1262 et
1770 1203 1935 1277 quondam

1144 1305 1346 1362 Francorum
1361 1301 1496 1375 reginae,
1513 1299 1627 1360 uxoris
1638 1299 1782 1374 Philippi
1793 1299 1934 1358 illustris

1143 1399 1293 1459 Franciae
1306 1399 1405 1472 regis,
1419 1397 1459 1456 de
1476 1397 1638 1457 communi
1651 1412 1790 1456 assensu
1803 1397 1836 1456 et
1850 1412 1935 1456 cou-

1143 1497 1219 1556 silio
1235 1496 1373 1556 fratrum
1404 1497 1593 1555 nostrorum
1620 1495 1652 1554 et
1671 1493 1809 1570 capituli
1829 1493 1936 1554 nostri

1142 1592 1320 1668 generalis,
1346 1592 1569 1652 concessimus
1596 1591 1704 1652 eidem
1732 1591 1768 1650 in
1792 1590 1936 1651 ecclesia

1143 1693 1256 1752 nostra
1268 1689 1308 1750 de
1321 1688 1473 1750 corbolio
1487 1689 1644 1749 tredecim
1658 1689 1777 1748 fratres
1793 1687 1933 1764 presby-

1143 1789 1244 1858 terae,
1262 1786 1443 1847 seeundum
1456 1785 1606 1846 ordinem
1621 1784 1933 1847 etconsuetudinem

1143 1884 1326 1961 Hospitalis
1349 1883 1642 1960 Hierosolymitani
1664 1882 1785 1943 ibidem
1807 1884 1842 1943 in
1857 1897 1935 1958 per-

1144 1983 1279 2058 petuum
1289 1995 1533 2058 permansuros
1551 1997 1610 2056 pro
1622 1981 1732 2040 anima
1742 1981 1805 2056 piae
1819 1995 1934 2040 recor-

1144 2079 1286 2140 datiouis
1307 2078 1453 2154 Philippi
1476 2078 1565 2152 regis
1586 2078 1736 2138 Franciae
1759 2076 1934 2138 memorati

1145 2178 1178 2237 et
1192 2176 1296 2252 ipsius
1312 2177 1449 2250 reginas,
1475 2176 1508 2235 et
1531 2177 1780 2236 antecessorum
1803 2190 1842 2234 ac
1856 2189 1935 2234 suc·

1144 2287 1311 2334 censorum
1334 2273 1492 2344 omnium,
1523 2272 1637 2332 divina
1656 2271 1814 2348 obsequia
1840 2271 1933 2332 ccle-

1143 2369 1289 2430 brantes.
1306 2372 1352 2429 De
1377 2369 1496 2448 quibus
1519 2369 1678 2431 tredecim
1704 2370 1771 2430 tres
1793 2369 1933 2444 siugulis

1144 2466 1259 2527 dfebus
1273 2468 1341 2527 tres
1354 2467 1473 2527 missas
1486 2467 1654 2527 celebrare
1672 2467 1829 2542 perpetuo
1840 2469 1935 2528 tene-

1144 2565 1277 2635 buntur,
1294 2579 1466 2639 equorum
1482 2564 1640 2625 tredecim
1656 2563 1704 2642 (l)
1720 2581 1818 2636 unus,
1835 2565 1934 2626 siim·

1144 2662 1262 2724 ventus
1277 2660 1377 2722 fuerit
1392 2661 1541 2732 idoneus,
1558 2661 1635 2722 aliis
1653 2663 1819 2738 tamquam
1843 2662 1935 2738 prior

1145 2758 1279 2835 praeerit
1294 2758 1478 2832 universis3
1496 2759 1524 2817 si
1548 2761 1657 2818 antem
1673 2758 1794 2835 aliquis
1810 2775 1852 2819 ex
1866 2759 1935 2819 illis

1144 2855 1302 2916 tredecim
1311 2871 1376 2916 nou
1386 2856 1577 2916 inveniatur
1588 2855 1739 2926 idonens,
1753 2855 1933 2917 secundum

1145 2957 1177 3014 et
1198 2953 1239 3013 ad
1264 2952 1514 3029 dispositionem
1543 2952 1665 3028 prioris
1688 2954 1849 3024 Franciae,
1867 2969 1934 3014 uno

1145 3050 1184 3110 de
1197 3050 1265 3109 illis
1284 3049 1442 3110 tredecim
1466 3051 1587 3120 am0t0,
1613 3050 1735 3110 ibidem
1751 3052 1935 3128 apponetur

1145 3147 1230 3206 alius
1246 3147 1337 3222 prior
1350 3147 1499 3217 idoneus,
1526 3147 1694 3207 sufficiens
1710 3148 1742 3207 et
1761 3147 1932 3218 honestuS,

1146 3244 1201 3319 qui
1217 3259 1330 3303 curam
1343 3244 1490 3318 eJusdem
1515 3243 1630 3304 domus
1654 3245 1689 3303 in
1706 3244 1934 3319 spiritualibus

1146 3339 1935 3417 actemporalibussemperhabebit,siipsipriori

1146 3437 1297 3497 Franciac
1313 3439 1346 3498 et
1374 3437 1519 3513 capitulo
1534 3437 1684 3512 generali
1699 3438 1739 3498 ad
1767 3438 1829 3498 boc
1841 3437 1935 3498 suffl-

1146 3533 1236 3594 ciens
1250 3533 1412 3594 videatur.
1428 3533 1572 3594 Praelata
1583 3551 1662 3595 vero
1678 3535 1805 3610 regina,
1822 3551 1934 3595 amore

1146 3631 1204 3691 Dei
1220 3633 1253 3692 et
1264 3631 1396 3691 nomine
1411 3631 1630 3708 eleemosynae
1647 3635 1825 3707 perpetuae,
1843 3633 1936 3693 cuili-

1145 3727 1199 3788 bet
1207 3728 1364 3788 tredecim
1379 3727 1519 3790 fratrum
1531 3727 1738 3789 sacerdotum
1760 3729 1800 3790 ad
1816 3745 1931 3789 eorum

1145 3825 1417 3885 sustentationem
1446 3824 1618 3886 duodecim
1647 3825 1751 3886 libras
1785 3825 1934 3887 redditus

1146 3921 1413 3998 annuiperpetuo
1427 3921 1620 3997 assignarit.
1642 3923 1675 3982 Si
1687 3937 1766 3983 vero
1778 3938 1935 3998 processu

1145 4017 1532 4098 temporis(quodabsit!)
1545 4019 1844 4096 contingeretquod
1853 4036 1935 4096 prae·

1146 4116 1231 4176 dicta
1252 4116 1368 4175 domus
1388 4117 1501 4175 nostra
1524 4116 1564 4175 de
1583 4115 1735 4177 corbolio
1751 4117 1934 4193 jamdicto-

1145 4227 1219 4273 rum
1232 4212 1369 4273 fratrum
1387 4211 1655 4288 presbyterorum
1680 4229 1854 4274 numerum
1869 4229 1935 4274 non

1144 4311 1288 4380 teneret,
1315 4309 1382 4369 nisi
1405 4309 1493 4369 iufra
1519 4309 1739 4386 quadraginta
1756 4310 1827 4371 dies
1842 4311 1935 4370 illum

1144 4423 1319 4468 numerum
1333 4406 1449 4467 eadem
1469 4407 1585 4467 domus
1610 4407 1851 4484 complevisset,
1875 4409 1936 4468 do-

1145 4504 1937 4582 minoregiFrauciaeetsuccessorihussuisregi·

1144 4602 1205 4661 bus
1220 4601 1337 4661 liceret
1351 4601 1498 4662 redditus
1519 4617 1633 4662 omues
1650 4619 1732 4678 ques
1754 4605 1936 4664 memorata

1144 4699 1271 4774 regina,
1299 4698 1340 4758 de
1361 4713 1524 4759 consensu
1549 4698 1707 4760 Ludovici
1732 4701 1935 4760 Francorum

1144 4795 1243 4870 regis,
1261 4795 1367 4855 eidem
1384 4795 1496 4855 domui
1512 4795 1552 4856 ad
1568 4811 1664 4856 usum
1678 4797 1710 4858 et
1722 4797 1937 4858 sustentatio-

1144 4891 1935 4970 nemdictorumpresbyterorumcontulitsaisire

1144 4990 1177 5049 et
1203 4987 1329 5049 tamdiu
1350 4988 1384 5046 in
1406 5003 1507 5047 manu
1535 5005 1596 5050 sua
1617 4991 1741 5060 tenere,
1765 4975 1936 5066 quousque

1143 5085 1302 5164 praefatus
1328 5085 1595 5161 presbyterorum
1611 5101 1770 5147 numerus
1788 5087 1936 5165 comple-

1144 5185 1247 5245 retur.
1276 5183 1493 5243 concedimus
1515 5183 1615 5245 etiam
1631 5184 1827 5245 etrolumus
1850 5185 1936 5246 bona

1143 5281 1206 5342 fide
1222 5281 1307 5357 quod
1322 5280 1438 5340 domus
1466 5283 1580 5342 nostra
1596 5281 1636 5341 de
1660 5281 1844 5357 LigeriacO,
1861 5297 1936 5342 cum

1143 5377 1294 5439 omnibns
1306 5375 1449 5437 bouisad
1456 5379 1604 5438 eamdem
1615 5377 1747 5438 domum
1762 5379 1936 5455 pertinen-

1142 5475 1241 5548 tibus,
1269 5489 1366 5551 quam
1380 5473 1519 5536 dilectus
1539 5477 1652 5537 noster
1666 5475 1841 5537 Durandus
1854 5475 1936 5536 civis

1144 5571 1377 5649 Lugdunensis
1393 5572 1434 5632 ad
1454 5573 1556 5634 vitam
1572 5589 1664 5635 suam
1684 5575 1812 5636 tantum
1834 5573 1933 5644 tenet,
