4174 6324
891 335 1064 398 nonanti
1086 338 1129 398 111
1150 337 1298 400 OPERA.
1877 342 1917 402 ts

633 501 717 588 uxi

399 664 451 722 Ad
466 662 654 736 capitutum
667 663 951 738 strigoniensem.

287 829 303 878 g
556 801 590 858 l³
608 803 701 858 martii
716 802 794 859 litii.

450 935 541 1000 [Fejer‚
550 933 613 984 Cod.
628 935 745 998 diplom,
758 935 800 994 tlt,
814 949 843 994 tt,
853 935 905 1000 80.]

281 1059 318 1116 Se
332 1058 496 1128 liebertum,
514 1059 755 1132 vesprimiensem
770 1059 947 1132 episcopum,
963 1067 1068 1116 metro·

316 1149 472 1220 politanum
497 1149 722 1221 strigoniensem
743 1150 924 1206 constituisse
946 1149 1070 1220 capitulo

316 1237 504 1308 strigoniensi
533 1237 664 1306 alilrmat,
700 1236 849 1310 eidemque
879 1235 1070 1294 obedientiam

315 1324 441 1382 exiribcri
456 1325 555 1398 exigit.

322 1461 500 1529 Honorius,
512 1463 588 1532 etc,
601 1461 745 1539 capitulo
761 1461 993 1538 strigoniensi,
1005 1461 1039 1522 ct
1060 1507 1067 1520 .

322 1559 359 1619 ln
376 1574 556 1634 gravamen
571 1560 801 1632 ecclesiarum,
820 1575 960 1636 quarum
976 1559 1070 1619 nobis

281 1659 331 1717 est
350 1657 537 1718 sollicitudo
555 1657 742 1728 commissa,
759 1673 825 1718 nou
841 1657 934 1718 decet
949 1657 1072 1733 aliqui-

279 1753 341 1816 bus
356 1769 417 1814 nos
431 1751 572 1824 deterre,
586 1755 746 1815 uteorum
759 1753 1070 1814 arbitrioecclesia-

279 1866 354 1912 rum
369 1852 516 1928 ipsarum
538 1851 703 1913 ordinatio
727 1853 949 1929 relinquatur3
971 1853 1000 1911 si
1022 1852 1070 1912 eis

280 1949 314 2008 in
330 1948 454 2010 talibus
472 1965 541 2009 suae
564 1965 694 2026 semper
708 1949 953 2026 permitteretur
969 1949 1071 2010 liber-

277 2046 339 2108 tati
358 2045 523 2118 voluntas,
539 2047 689 2122 plerique
713 2051 827 2107 contra
844 2047 1014 2122 proprium
1038 2049 1071 2108 et

278 2143 413 2204 illarum
436 2143 643 2204 commodum
664 2145 811 2218 agerent,
828 2145 881 2204 vel
904 2161 969 2205 non
989 2161 1071 2205 con-

280 2241 447 2301 suleretur
474 2239 635 2312 ecclesiis,
662 2241 718 2302 sed
746 2241 910 2318 personis.
940 2241 1069 2304 Dudum

280 2352 361 2398 sane
377 2338 615 2412 strigoniensis
641 2337 793 2408 ecclesia,
815 2338 958 2413 pastoris
980 2339 1071 2398 sola-

279 2435 326 2494 tio
342 2434 507 2504 destituta,
520 2435 663 2510 primunr
678 2435 743 2494 duo
758 2435 913 2496 videlicet
926 2451 1069 2496 venera-

279 2530 363 2590 biles
384 2531 503 2592 tratres
519 2533 662 2592 nostri...
687 2531 901 2592 cenadiensis
916 2533 985 2592 et...
1004 2533 1069 2592 Ni-

279 2629 415 2688 trieusis
430 2629 587 2704 episcopi,
601 2629 735 2689 suerunt
749 2629 783 2688 in
794 2631 866 2705 ejus
881 2629 1068 2706 archiepis-

280 2727 432 2801 copatum
452 2725 624 2798 postulati;
655 2725 711 2785 sed
736 2741 810 2786 cum
839 2726 950 2786 minus
973 2742 1071 2786 cano·

278 2821 355 2882 nica
370 2823 542 2898 utriusque
558 2822 735 2898 postulatio
749 2823 860 2894 luerit,
876 2839 937 2883 nos
952 2827 1069 2884 neutra

278 2919 427 2994 ipsarum
452 2919 608 2990 admissa,
639 2919 717 2979 licet
740 2919 839 2980 aliter
864 2921 1069 2995 nutrierimus

281 3017 321 3075 de
337 3015 424 3090 juris
443 3015 558 3091 vigore
580 3016 770 3092 procedere,
789 3016 906 3077 iterato
925 3012 1068 3091 eligendi

279 3113 332 3174 vel
356 3113 545 3190 postulandi
573 3115 732 3174 canonica
761 3114 801 3175 de
834 3115 942 3190 gratia
976 3115 1069 3175 vobis

280 3210 504 3270 concessimus
518 3211 728 3286 potestatem
745 3212 800 3270 sed
815 3227 889 3272 eum
899 3212 985 3272 votis
1000 3227 1070 3272 ves·

277 3306 340 3368 tris
361 3306 394 3366 in
417 3307 547 3367 diversa
572 3306 689 3367 divisis
705 3305 838 3383 quidam
861 3309 1070 3384 postularunt

278 3405 430 3466 eumdem
457 3404 693 3464 cenadiensem
722 3405 923 3480 episcopum,
947 3407 979 3465 et
1011 3405 1069 3464 alii

278 3504 315 3562 Τ.
355 3501 625 3562 archidiaconum
667 3501 872 3576 elegissent3
914 3502 1069 3578 quoniam

279 3599 452 3674 utriusque
467 3597 571 3672 partis
589 3612 764 3672 processus
780 3599 934 3659 inventus
948 3600 998 3658 est
1012 3599 1071 3658 rni-

280 3710 343 3755 nus
369 3694 546 3770 legitimus
573 3694 769 3754 electionem
797 3695 1015 3766 cassavimus,
1037 3699 1070 3758 et

278 3791 536 3867 postulationem
551 3806 617 3851 non
638 3791 793 3850 duximus
811 3791 1066 3864 admittendam;

280 3903 320 3949 ac
331 3887 427 3948 vobis
440 3887 548 3952 denuo
560 3889 700 3961 gratiam
712 3885 883 3958 iacientes,
900 3887 1069 3946 universi-

278 3987 340 4046 tati
353 3987 474 4046 vestrm
488 4001 547 4061 per
561 3986 689 4045 litteras
704 3983 835 4044 nostras
850 3983 1067 4059 injunximus,

280 4083 317 4144 ut
335 4084 476 4159 quatuor
496 4085 643 4143 vestrum
663 4081 704 4142 ad
724 4081 870 4142 nostram
895 4079 1069 4141 mitteretis

278 4179 501 4256 praesentiam,
515 4194 652 4254 quorum
667 4177 805 4238 consilio
820 4175 985 4252 praedictae
998 4191 1069 4253 pos-

280 4291 390 4338 semus
404 4275 554 4338 ecclesiae
565 4275 605 4335 de
620 4274 870 4350 archiepiscopo
883 4272 1067 4350 providere.

279 4375 394 4450 Nuper
417 4377 527 4446 autem
556 4373 686 4434 dilectis
713 4371 827 4432 tiliis...
844 4370 1067 4443 thesaurario,

280 4471 455 4532 Nicola0...
473 4473 506 4531 et
525 4473 653 4532 Joanne
668 4470 838 4529 canonicis
857 4469 1067 4544 strigonien-

281 4566 372 4626 sibus
388 4583 499 4627 coram
515 4566 609 4626 nobis
621 4565 888 4640 comparentibus
901 4567 973 4626 vice
988 4582 1067 4626 vos-

280 4667 426 4736 tra,nos,
444 4663 610 4724 intellecta
629 4662 800 4723 voluntate
819 4663 977 4738 ipsorum,
994 4679 1069 4722 cum

282 4761 396 4822 eadam
418 4760 560 4822 ecclesia
585 4759 641 4820 diu
660 4759 795 4820 viduata
811 4758 970 4828 extiterit,
983 4759 1069 4818 unde

268 4875 347 4920 'non
363 4857 526 4918 modicam
546 4857 713 4918 sustimuit
736 4855 771 4916 in
793 4853 1022 4932 spiritualibus
1038 4859 1071 4915 et

280 4953 518 5032 temporalibus
555 4953 748 5022 laesionem,
788 4967 913 5028 nosque
948 4951 1070 5012 babere

282 5051 465 5129 oportuerit
479 5053 664 5127 respectum
684 5047 726 5108 ad
748 5051 862 5116 Deum,
883 5049 1069 5108 animarum

282 5147 433 5215 salutem,
453 5147 634 5223 proiectum
648 5143 798 5206 ecclesiae
814 5145 1014 5213 memoratae,
1032 5159 1070 5203 ac

282 5243 536 5308 necessitatibus
567 5247 639 5318 ejus
668 5241 854 5313 consulere,
885 5243 978 5317 cujus
1001 5243 1070 5316 jam

281 5341 483 5421 parcendum
499 5345 571 5402 erat
584 5339 764 5410 laboribus,
775 5337 940 5414 expensis
953 5337 1070 5412 quibus

282 5445 333 5503 est
353 5441 513 5500 hactenus
529 5445 594 5498 nan
615 5437 777 5496 modicum
795 5434 942 5508 fatigata,
965 5449 1070 5494 vene-

280 5537 419 5599 rabilem
445 5535 580 5597 tbatrem
606 5537 754 5595 nostrum
777 5535 815 5593 R.
841 5531 1071 5607 vesprimien-

284 5651 352 5696 sem
376 5635 577 5710 episcopum,
601 5632 707 5694 virum
729 5631 885 5694 dilectum
904 5645 923 5690 a
951 5631 1018 5691 Deo
1039 5631 1072 5689 et

1127 496 1326 570 hominibus,
1354 497 1427 560 visa
1452 501 1523 576 ejus
1554 499 1807 563 conversatione
1834 514 1917 578 prm-

1127 593 1229 660 clara,
1250 595 1291 654 de
1311 609 1375 670 quo
1396 598 1479 656 certi
1505 613 1629 666 sumus,
1646 597 1731 674 quod
1751 598 1918 658 carissimi

1126 689 1161 748 in
1176 689 1307 750 Christo
1328 691 1388 751 lilii
1404 693 1509 753 nostri
1529 697 1568 753 Α.
1583 694 1674 768 regis
1691 695 1871 769 Hungariae
1883 695 1918 755 et

1125 787 1221 861 regui
1242 788 1294 848 sui
1319 789 1554 850 exaltationem
1574 789 1692 864 diligit,
1709 791 1742 851 et
1756 805 1919 866 augmen-

1125 885 1212 958 tum3
1235 900 1309 944 curn
1325 885 1450 945 nullum
1467 885 1569 946 aliurn
1586 887 1627 946 ad
1643 887 1800 963 praedicta
1818 888 1918 948 invo-

1125 981 1273 1041 nerimus
1294 983 1360 1042 tarn
1379 982 1545 1053 idoneum,
1560 983 1600 1044 de
1616 983 1754 1044 fratrum
1778 987 1915 1046 nostro-

1125 1091 1197 1135 rum
1222 1077 1364 1139 consiliu
1383 1079 1424 1138 ad
1449 1080 1598 1139 eamdem
1623 1081 1798 1142 ecelesiam
1819 1097 1918 1142 assu-

1125 1175 1279 1234 mendum
1301 1191 1345 1236 ex
1372 1175 1482 1236 oiticio
1510 1177 1626 1236 nostro
1650 1178 1855 1252 providimus
1881 1179 1917 1238 in

1126 1273 1309 1346 pastorem
1334 1275 1367 1333 et
1390 1272 1602 1334 absolventes
1623 1289 1698 1333 eum
1726 1289 1747 1334 a
1769 1275 1915 1345 vinculo,

1126 1383 1189 1444 quo
1218 1369 1457 1444 vesprimiensi
1486 1370 1637 1431 eeclesiae
1662 1370 1846 1444 tenebatur,
1874 1372 1917 1432 ad

1127 1465 1389 1540 strigoniensem
1406 1467 1613 1542 metropolim
1636 1468 1745 1544 ipsum
1766 1467 1878 1528 transi
1895 1501 1916 1514 -

1125 1563 1241 1632 rimus,
1254 1577 1293 1622 ac
1302 1562 1364 1622 sibi
1375 1563 1552 1624 tribuimus
1563 1564 1730 1625 licentiam
1742 1567 1918 1626 transeun-

1125 1659 1170 1718 di.
1187 1659 1269 1730 Quia
1280 1675 1371 1730 vero,
1386 1660 1414 1719 si
1430 1662 1556 1736 patrem
1572 1661 1646 1736 quis
1659 1663 1791 1722 tenetur
1809 1662 1918 1722 bono-

1125 1771 1201 1816 rare
1216 1757 1397 1827 carnalem,
1414 1757 1598 1833 spiritualis
1613 1757 1710 1819 debet
1724 1758 1765 1818 ab
1784 1759 1856 1836 ipso
1875 1775 1916 1820 eo

1125 1852 1267 1928 amplius
1283 1853 1452 1924 honorari,
1475 1869 1541 1928 quo
1561 1853 1740 1930 pretiosior
1751 1859 1801 1916 est
1814 1871 1916 1917 carne

1125 1949 1262 2025 spiritus
1281 1951 1314 2011 et
1332 1949 1526 2026 corporibus
1542 1953 1620 2012 sunt
1639 1951 1758 2012 animm
1778 1953 1914 2028 dignio-

1124 2063 1178 2106 res
1207 2069 1214 2106 :
1243 2047 1454 2108 universitati
1482 2051 1603 2108 vestras
1634 2063 1694 2124 per
1727 2051 1916 2126 apostolica

1125 2145 1247 2220 scripta
1267 2144 1472 2215 mandamus,
1490 2147 1653 2220 quatenus
1673 2145 1739 2220 ipsi
1758 2147 1916 2223 tanquam

1125 2241 1210 2316 patri
1224 2243 1257 2300 et
1272 2242 1396 2316 pastori
1411 2241 1597 2300 animarum
1608 2241 1805 2309 vestrarum,
1820 2243 1916 2318 plene

1125 2351 1164 2396 ac
1186 2337 1357 2397 humiliter
1379 2336 1570 2407 intendatis,
1596 2339 1629 2398 et
1654 2337 1841 2398 exhibeatis
1866 2339 1917 2398 ei-

1125 2433 1198 2493 denr
1221 2433 1442 2494 obedientiam
1471 2437 1503 2494 et
1527 2436 1749 2494 reverentiam
1771 2434 1915 2495 debitam

1125 2545 1163 2590 ac
1185 2531 1347 2600 devotam,
1365 2534 1438 2605 ejus
1457 2531 1605 2591 salubria
1621 2531 1747 2592 monita
1768 2533 1802 2593 et
1819 2547 1918 2592 man-

1125 2627 1201 2688 data
1223 2628 1435 2703 suscipiendo
1457 2627 1586 2698 wrote,
1612 2631 1645 2688 et
1679 2627 1917 2690 inviolabiliter

1124 2723 1352 2795 observand03
1390 2725 1539 2800 alioquin
1574 2725 1783 2795 sententiam,
1816 2741 1915 2800 quam

1124 2821 1195 2896 ipse
1211 2821 1456 2881 rationabiliter
1468 2821 1583 2881 tulerit
1597 2823 1631 2881 in
1650 2821 1827 2882 rebelles...
1843 2837 1917 2882 ser-

1124 2918 1208 2976 vari.
1221 2917 1340 2978 Datum
1356 2919 1523 2986 Laterani,
1538 2920 1584 2978 lll
1598 2917 1674 2978 idus
1689 2919 1812 2991 martii,
1828 2933 1915 2980 anno

1125 3013 1264 3074 decimo.

1465 3229 1570 3315 CXII

1193 3379 1245 3438 Ad
1258 3379 1434 3438 Artdreont
1449 3393 1568 3453 regam
1582 3381 1618 3440 H
1620 3393 1844 3453 irreparorurn.

1401 3517 1434 3572 ta
1449 3515 1542 3574 martii
1558 3517 1637 3573 tato.

1284 3637 1375 3701 meter,
1389 3637 1450 3688 coa.
1464 3637 1580 3702 diplom,
1593 3639 1635 3696 ιιι,
1654 3653 1683 3698 ιι,
1699 3639 1752 3703 aa]

1124 3758 1156 3818 ld
1171 3759 1262 3832 ipsurn
1276 3761 1362 3817 etiarn
1374 3761 1506 3831 Andrem,
1522 3765 1584 3834 regi
1597 3764 1760 3836 ilungariae,
1778 3763 1913 3832 uotiiicat,

1212 3849 1362 3921 ipsumque
1378 3847 1521 3906 favoribus
1536 3849 1620 3922 hujus
1632 3850 1825 3908 commendat.

1164 3983 1347 4054 Honorius,
1369 3983 1444 4056 etc„
1466 3983 1538 4058 regi
1558 3986 1792 4060 Hungarorum
1813 3984 1914 4044 illus-

1124 4079 1179 4150 tri,
1193 4081 1279 4140 etc.¹

1164 4175 1292 4236 Dudum
1322 4177 1545 4254 strigonensis
1570 4177 1733 4250 Ecclesia,
1770 4177 1914 4254 pastoris

1124 4271 1243 4333 solatio
1261 4271 1427 4345 destituta,
1449 4277 1487 4334 ut
1500 4289 1726 4350 supruuaque
1739 4275 1913 4352 praeclara,

1124 4385 1220 4444 quem
1249 4371 1416 4445 tamquam
1443 4371 1571 4446 experti
1597 4371 1759 4442 novimus,
1785 4369 1917 4431 exalta-

1122 4465 1224 4527 tionis
1248 4467 1314 4526 tuae
1335 4467 1479 4538 avidum,
1502 4468 1536 4528 et
1549 4465 1635 4542 regii
1654 4467 1832 4530 zelatorem
1848 4467 1913 4528 ho-

1124 4563 1230 4636 noris;
1259 4579 1334 4623 cum
1361 4565 1433 4639 ipse
1455 4563 1534 4624 olim
1563 4565 1612 4625 sic
1635 4565 1825 4636 efficaciter,
1850 4581 1915 4641 quo

1124 4661 1235 4720 nullus
1259 4659 1345 4720 alius
1369 4660 1549 4732 eltlcacius,
1575 4675 1634 4737 pro
1660 4661 1804 4722 sedanda
1840 4677 1915 4722 cum

1124 4757 1250 4818 honore
1274 4760 1330 4817 tuo
1355 4756 1521 4816 discordia
1550 4757 1638 4818 inter
1662 4760 1705 4830 te,
1734 4759 1767 4820 et
1801 4759 1915 4819 natum

1123 4854 1216 4914 tuum
1231 4853 1343 4914 habita
1366 4851 1547 4927 laboravit;
1568 4854 1610 4914 ad
1632 4853 1781 4916 eamdem
1802 4855 1914 4916 eccle-

1125 4951 1222 5020 siam,
1240 4965 1314 5009 cum
1339 4949 1467 5009 nullum
1486 4950 1589 5012 alium
1604 4951 1829 5012 invenerimus
1846 4955 1913 5014 tam

1125 5045 1291 5117 idoneum,
1317 5047 1357 5107 de
1383 5046 1523 5106 fratrum
1547 5048 1737 5108 nostrorum
1760 5049 1912 5122 consilio,

1125 5143 1358 5204 assumendum
1380 5158 1423 5203 ex
1441 5141 1551 5204 officio
1573 5145 1686 5206 nostro
1710 5145 1914 5222 providimus

1125 5241 1161 5302 in
1183 5242 1359 5316 pastorem,
1383 5242 1415 5302 et
1439 5239 1647 5302 absolventes
1674 5257 1748 5302 euin
1767 5243 1911 5315 vinculo,

1126 5353 1190 5413 quo
1213 5337 1466 5412 Wesprimiensi
1488 5335 1638 5398 ecciesiae
1663 5337 1848 5410 tenebatur,
1872 5339 1913 5400 ad

1127 5434 1385 5508 strigoniensem
1414 5434 1621 5509 metropolim
1645 5435 1752 5510 ipsum
1777 5435 1915 5496 transt·

1125 5531 1241 5599 rimus,
1266 5545 1305 5589 ac
1334 5530 1397 5590 sibi
1419 5530 1596 5591 tribuimus
1621 5531 1791 5592 licentiam
1814 5534 1911 5594 trau-

1126 5625 1255 5688 seundi.
1269 5627 1429 5697 Quocirca
1444 5627 1657 5689 serenitatem
1672 5629 1799 5704 regiam
1813 5643 1914 5704 roga-
