4114 6322
149 354 205 414 101
773 355 1002 417 EPISTOLAE.
1023 355 1101 415 LIB.
1124 355 1165 416 X.
1728 363 1787 424 102

147 511 280 588 potente
291 510 462 574 debilitato
476 513 513 574 tu
526 527 651 590 posses.
668 512 787 588 Arguit
801 512 890 572 enim
905 511 943 572 il·
998 512 1075 576 aliis
1090 513 1356 589 contingentibus
1377 517 1639 581 ecclesiasticam
1652 509 1805 582 liberta-F

145 608 216 670 lum
228 625 290 669 sua
303 609 441 681 malitia,
458 625 584 686 suaque
599 609 731 670 aversio
744 609 940 685 increpavit,
996 611 1062 671 tem
1086 611 1145 682 sic,
1169 611 1282 672 divina
1309 613 1435 676 suffulti
1464 617 1621 690 potentia,
1643 617 1788 678 debitum

146 706 939 784 11111111111111111111111111111111111111,
996 709 1102 770 nostri
1128 724 1366 784 prosequemur
1394 711 1506 783 officii,
1536 713 1621 789 quod
1643 716 1710 774 Deo
1729 730 1789 790 pro

147 804 203 879 qui
219 817 321 864 avare
335 804 507 880 cupiverat
521 804 631 866 aliena
649 826 656 864 ε
672 805 703 864 11
716 805 764 874 11,
779 804 832 864 111
848 803 941 878 regni
997 821 1093 880 posse
1104 805 1346 868 satisfacientes
1367 809 1400 868 et
1415 807 1553 880 bomini,
1568 810 1603 869 in
1619 810 1681 870 boc
1693 827 1791 886 gere·

146 901 197 962 tui
211 900 270 962 rix
282 901 430 962 extrema
443 902 684 973 remanserant,
701 901 793 962 illius
808 901 941 962 omnino
996 902 1516 978 11111111111111111111111111
1532 907 1652 968 salutis
1663 909 1698 968 et
1710 911 1787 980 111,

146 997 323 1074 imperium
339 997 517 1060 obtineres.
529 1001 609 1060 Haec
624 999 737 1074 utique
751 999 867 1060 salutis
882 1014 941 1059 re·
996 1013 1071 1059 cum
1093 998 1223 1061 deferre
1242 1000 1370 1062 homini
1385 1005 1500 1063 contra
1516 1005 1630 1075 Deum,
1648 1021 1790 1080 praeser-

144 1094 257 1156 media
277 1110 351 1155 cum
370 1095 942 1172 11111111111111111,1111111111-
995 1096 1056 1157 tim
1069 1096 1105 1156 in
1119 1097 1253 1168 talibus,
1282 1098 1325 1160 sit
1351 1115 1481 1169 nocere,
1510 1115 1549 1160 ac
1578 1117 1725 1176 parcere,
1748 1102 1791 1162 sit

145 1191 306 1253 videntiae
336 1192 458 1256 virtute
479 1192 684 1269 praeambula
710 1192 770 1254 tibi
798 1191 942 1268 providit
996 1194 1132 1268 saevire3
1156 1209 1273 1255 manus
1289 1197 1377 1256 enim
1397 1197 1574 1258 mulierum
1599 1199 1791 1260 misericor-

145 1291 255 1350 mater
276 1290 436 1360 Ecclesia,
452 1289 533 1350 talia
560 1290 722 1362 beneficio
744 1305 846 1366 puero
862 1305 942 1350 con·
996 1288 1085 1349 dium
1101 1289 1187 1352 filios
1203 1290 1417 1364 decurrerunt,
1436 1293 1493 1354 sed
1508 1293 1629 1355 habeat
1644 1309 1723 1354 vera
1739 1295 1791 1354 di-

143 1385 224 1448 tulit
236 1387 269 1448 et
282 1387 406 1448 adulto.
425 1387 508 1458 Quid
521 1387 608 1450 ultra
620 1386 680 1448 tibi
698 1387 808 1448 facere
823 1387 939 1462 potuit.
996 1385 1093 1448 lectio
1107 1387 1223 1464 plagas
1235 1404 1325 1460 suas,
1336 1406 1408 1465 quae
1424 1390 1589 1452 dulciores
1603 1391 1697 1462 11111,
1715 1407 1788 1452 cum

146 1485 180 1545 11
192 1499 260 1544 non
272 1483 361 1556 fecit,
379 1484 419 1544 de
434 1483 703 1559 contingentibus
715 1484 762 1544 nil
773 1483 940 1551 omittens,
996 1485 1143 1544 amarius
1155 1485 1356 1547 inferuntur.
1561 1549 1563 1554 ,

146 1583 180 1642 11
196 1596 236 1642 11
247 1581 398 1644 etiamad
409 1597 481 1658 quae
495 1597 561 1642 non
572 1581 748 1644 tenebatur
762 1581 942 1658 adjicieusi
1035 1581 1226 1657 «Adjecisti
1252 1585 1425 1659 praeterea,
1452 1585 1540 1662 quod
1555 1587 1629 1661 post
1648 1586 1789 1648 reditum

145 1679 311 1739 Miramur
332 1681 452 1751 autem,
479 1679 565 1756 qued
582 1679 617 1740 in
647 1679 699 1741 bis
719 1681 793 1740 tuos
808 1678 940 1740 labores
996 1679 1088 1740 tuum
1103 1680 1138 1740 in
1151 1694 1290 1755 regnum
1305 1681 1439 1753 Siciliae,
1459 1683 1694 1758 redintegratis
1706 1684 1791 1744 viris

145 1781 398 1849 commemoras,
421 1777 535 1838 dicens
558 1777 591 1838 te
610 1776 703 1838 dubii
731 1791 828 1838 casus
855 1775 941 1838 facta
995 1775 1056 1836 bus
1070 1769 1136 1838 tuis
1150 1793 1209 1852 pro
1223 1779 1408 1853 temporum
1430 1779 1592 1863 varietate
1616 1780 1788 1856 dispersis,

145 1875 309 1945 secutum,
326 1874 381 1950 qui
396 1874 533 1936 vocatus
543 1873 585 1936 ad
597 1874 697 1945 certa,
714 1872 941 1936 laborantibus
996 1873 1140 1936 exclusis
1155 1875 1345 1946 rebellibus,
1363 1876 1512 1937 Ecclesia
1539 1877 1655 1938 contra
1672 1879 1790 1938 matris

144 1971 236 2043 aliis,
253 1971 287 2032 in
310 1971 441 2034 labores
467 1971 607 2034 alterius
629 1971 786 2043 introisti,
814 1971 941 2032 metens
996 1969 1142 2032 officium
1153 1973 1322 2048 suspectos
1334 1973 1394 2033 filii
1406 1975 1648 2050 receptavit.Et
1658 1975 1790 2051 quidem

144 2055 220 2146 quae
235 2085 302 2130 non
326 2069 510 2142 seminasti,
531 2069 564 2130 et
578 2069 739 2146 colligens
762 2069 942 2148 proculdu-
996 2067 1164 2130 devirium
1174 2069 1456 2144 redintegratione
1466 2071 1647 2146 gaudemus
1660 2093 1667 2132 ε
1681 2073 1713 2133 et
1725 2072 1788 2132 uti·
1815 2095 1816 2098 ¹

143 2165 201 2228 bio
217 2183 291 2244 quae
306 2182 374 2228 non
390 2165 554 2243 sparsisti.
996 2179 1074 2226 nam
1087 2166 1346 2241 redintegrantis
1359 2167 1491 2228 allectio
1506 2167 1556 2228 sic
1571 2167 1690 2228 debitis
1705 2169 1789 2232 fuis-

185 2280 205 2324 (
231 2263 379 2340 Denique
395 2263 541 2326 defuncti
563 2263 700 2340 fatigata
721 2278 943 2340 111111111-
996 2263 1208 2344 setcontenta
1221 2263 1393 2333 limitibus,
1408 2264 1495 2340 quod
1515 2265 1678 2341 ajustitia
1689 2281 1789 2326 recu-

143 2363 250 2424 etram
273 2362 331 2423 tua
355 2377 421 2422 non
449 2361 632 2438 praeterivit
655 2362 811 2434 invectio,
831 2361 940 2422 minus
996 2360 1224 2435 perationisin
1240 2361 1321 2432 suis,
1337 2361 1373 2421 in
1388 2361 1508 2422 alienis
1534 2362 1575 2422 ad
1599 2363 1792 2438 usurpatlo-

143 2459 325 2534 diligenter
340 2458 566 2530 considerans
590 2458 676 2536 quod
696 2475 767 2526 nos,
783 2459 839 2534 qui
854 2473 942 2532 pree·
996 2456 1049 2516 nis
1061 2457 1220 2532 injuriam
1235 2473 1301 2518 non
1316 2459 1502 2529 transisset,
1528 2458 1606 2534 quia
1622 2461 1743 2535 praeter
1757 2459 1790 2520 id

144 2555 317 2618 decessori
337 2555 505 2631 11111111,
524 2555 610 2632 quod
637 2555 677 2616 ad
693 2555 852 2616 utilitates
866 2555 941 2616 tuas
996 2554 1083 2630 quod
1104 2554 1140 2616 iu
1163 2553 1215 2614 die
1230 2555 1412 2616 novissimo
1434 2555 1576 2618 districti
1591 2556 1718 2619 iudicis
1733 2556 1790 2618 ul·

143 2652 325 2716 affectione
335 2652 488 2730 plenaria
502 2652 729 2723 succedentes,
741 2651 781 2714 ad
795 2651 843 2714 tui
856 2667 939 2712 con·
995 2651 1085 2714 tione
1098 2651 1265 2724 reddetur,
1280 2651 1505 2714 consummari
1524 2652 1677 2714 felicibus
1691 2653 1791 2714 subs-

143 2751 400 2814 summationem
413 2750 550 2812 honoris
565 2751 717 2826 patenter
729 2749 894 2812 astitimus
909 2750 941 2810 et
995 2748 1101 2810 tantia
1116 2763 1182 2810 non
1207 2749 1390 2820 consuevit,
1404 2749 1589 2816 eventibus.
1603 2753 1791 2826 augmentis
1837 2817 1843 2828 ,

143 2847 309 2924 11111111,
332 2847 446 2910 nestro
471 2847 507 2910 in
531 2846 645 2908 multis
673 2845 888 2918 detraximus,
906 2845 941 2908 ut
995 2861 1062 2906 non
1079 2847 1260 2921 aggregata
1283 2846 1455 2922 legitimis,
1479 2847 1628 2922 quinimo
1654 2849 1790 2922 grandis

143 2945 202 3006 tuo
219 2944 439 3021 adjiceremus
457 2943 589 3016 honori,
605 2943 685 3005 facti
700 2943 940 3020 quodammodo
995 2955 1134 3004 acervus
1144 2941 1293 3004 inlicitur
1300 2943 1404 3018 partis
1416 2943 1601 3020 adjectione
1612 2948 1787 3021 corrupta.

141 3040 243 3102 famas
269 3043 391 3104 nostrae
416 3041 558 3118 prodigi,
574 3043 640 3104 tuae
662 3041 764 3118 parci.
792 3040 855 3102 Sed
880 3055 940 3117 pro
996 3041 1102 3116 Super
1112 3039 1259 3100 exclusis
1270 3055 1429 3116 responso
1444 3041 1661 3118 supersedere
1675 3057 1793 3120 posso-

142 3139 232 3211 istis,
250 3140 283 3200 et
295 3139 372 3200 aliis
385 3139 447 3200 bac
458 3137 554 3205 nobis
569 3137 786 3200 retributione
802 3153 941 3214 respon·
994 3153 1078 3207 mus,
1095 3137 1161 3197 nisi
1177 3137 1319 3215 alicujus
1330 3137 1458 3214 judicio
1474 3137 1664 3200 crederetur
1678 3141 1790 3200 retar-

142 3235 214 3308 des,
233 3237 312 3314 quia
333 3236 416 3298 dicis
435 3240 491 3316 jus
506 3235 640 3314 regibus
663 3235 786 3298 Siciliae
801 3235 836 3296 in
851 3235 941 3297 elec·
994 3233 1106 3295 datum
1122 3233 1292 3296 silentium
1303 3235 1482 3312 repetitam
1499 3235 1686 3312 Justiilcare
1709 3253 1792 3314 que-

142 3333 293 3396 tionibus
306 3335 531 3410 praelatorum,
542 3335 630 3398 siout
642 3334 776 3404 asseris,
793 3333 939 3396 debitum
994 3330 1110 3392 relam.
1126 3331 1189 3392 Sed
1205 3332 1241 3394 ut
1253 3330 1414 3403 videmus,
1429 3333 1515 3408 quod
1538 3333 1698 3394 hactenus
1715 3349 1789 3394 res·

141 3447 188 3493 11
203 3431 353 3508 antiquo,
378 3431 502 3494 nostris
519 3431 815 3496 constitutionibus
831 3431 940 3492 11111-
994 3427 1168 3504 111111111
1181 3427 1402 3490 dissimulatio
1414 3427 1555 3499 distulit,
1570 3445 1659 3490 nunc
1673 3431 1789 3492 extor-

143 3529 227 3590 rari.
242 3531 365 3591 verum
381 3529 410 3589 si
424 3529 547 3606 scripta
562 3530 631 3602 tua,
644 3531 677 3592 et
690 3527 863 3604 genitricis
873 3529 938 3590 1111
994 3526 1071 3601 quet
1100 3525 1260 3586 instantia
1296 3525 1541 3601 conquerentis.
1572 3529 1600 3586 Α
1629 3527 1789 3590 memoria

142 3625 727 3698 11111111111111111111111111111,
751 3627 780 3688 si
801 3628 938 3688 sancto·
993 3637 1123 3699 qnoque
1150 3623 1205 3683 tua
1232 3621 1398 3684 excidisse
1418 3637 1483 3684 non
1509 3623 1686 3696 credimus,
1703 3623 1789 3700 quod

141 3739 219 3784 rum
235 3723 336 3785 etiam
358 3725 489 3801 patrum
508 3724 766 3788 constitutiones
780 3723 937 3786 adverte·
993 3719 1105 3782 comiti
1131 3718 1320 3790 Thomasio,
1342 3719 1515 3796 Raynaldo
1536 3719 1577 3780 de
1603 3717 1739 3794 Avers'a,
1757 3724 1790 3784 et

142 3837 212 3893 111,
229 3835 296 3882 non
311 3821 464 3898 culpares
475 3821 658 3886 Ecclesiam
673 3822 763 3886 cirea
777 3821 939 3883 defensio-
994 3815 1177 3878 fautoribus
1210 3815 1412 3888 eorumdem,
1452 3819 1630 3894 antequam
1665 3821 1787 3891 castra,

142 3933 221 3981 nem
242 3919 477 3980 ecclesiasticae
501 3919 676 3990 libertatis,
693 3935 768 3980 cum
793 3935 860 3980 nou
875 3918 936 3980 da·
993 3929 1066 3990 quae
1081 3912 1208 3974 viribus
1224 3913 1375 3976 obtinere
1397 3915 1608 3990 nequiveras,
1631 3916 1788 3991 resigna·
1823 3956 1824 3959 κ

141 4015 222 4078 beat
253 4015 295 4077 de
328 4017 562 4093 prosecutione
601 4016 754 4078 mordere
784 4016 935 4094 justitiae,
993 4011 1077 4082 rent,
1093 4011 1182 4074 inter
1196 4011 1275 4083 alia,
1292 4027 1366 4088 quae
1381 4011 1514 4088 publica
1537 4013 1571 4073 et
1594 4013 1787 4074 authentica

142 4113 201 4191 qui
212 4113 411 4176 contendere
425 4113 543 4174 nititur
555 4114 595 4176 de
608 4115 723 4176 abusu.
741 4115 872 4176 Asseris
884 4114 938 4174 in·
993 4109 1069 4170 sunt
1081 4109 1301 4172 conventione
1327 4109 1452 4179 notata,
1478 4108 1570 4170 venit
1596 4109 1787 4185 expressius

143 4227 333 4287 supernos,
357 4211 480 4288 praeter
495 4211 635 4274 formam
651 4212 870 4276 communiter
882 4226 938 4272 re-
992 4220 1209 4282 persenarum
1233 4205 1395 4266 securitas
1409 4205 1445 4266 iu
1470 4205 1687 4280 promissum,
1704 4207 1736 4266 et
1750 4207 1787 4267 ut

144 4307 314 4386 quisitam,
335 4309 369 4370 11
390 4309 591 4380 1111111111,
614 4308 809 4386 quibusdam
824 4309 939 4370 Eccle-
992 4303 1024 4364 11
1036 4301 1137 4364 robur
1150 4301 1315 4362 firmitatis
1328 4301 1475 4372 baberet,
1491 4317 1551 4362 nos
1564 4301 1597 4361 et
1612 4302 1785 4362 universes

144 4406 207 4468 siis
219 4407 315 4482 regui
330 4406 525 4468 vacantibus
552 4406 741 4483 praefecisse
765 4419 935 4482 personas.
992 4399 1112 4460 iratres
1128 4400 1260 4460 nostros
1275 4397 1400 4474 rogasti
1414 4413 1474 4474 per
1488 4397 1632 4469 nuntios,
1649 4399 1682 4460 et
1695 4397 1787 4463 litte·

144 4501 210 4564 Sed
225 4517 298 4578 quae
319 4502 362 4563 sit
379 4501 440 4562 illa
462 4502 568 4562 ferma
594 4501 771 4573 nescimus,
787 4517 862 4578 111
878 4515 937 4577 111
992 4513 1047 4558 111
1068 4495 1240 4572 speciales,
1271 4495 1307 4556 in
1333 4494 1558 4557 testimonium
1584 4496 1783 4568 reservatas,

142 4601 236 4660 certo
251 4599 450 4660 nimisesset
463 4598 626 4670 informis,
643 4613 812 4676 perquam
826 4602 937 4674 Apos-
992 4596 1028 4656 11
1042 4597 1192 4658 Romana
1208 4592 1357 4654 Ecclesia
1386 4607 1604 4669 supersecuta
1625 4607 1665 4653 ac
1681 4593 1786 4657 confi·-
1845 4581 1849 4603 ¹

142 4695 253 4758 tolicae
268 4695 362 4758 Sedis
372 4695 536 4774 judicium
551 4713 594 4758 ex
605 4698 670 4758 tuae
685 4695 866 4758 voluntatis
881 4711 938 4756 ar·
992 4689 1108 4752 denter
1121 4690 1295 4766 reciperet,
1323 4689 1408 4766 quod
1434 4688 1672 4750 iuviolabiliter
1699 4705 1782 4766 pro·

142 4793 246 4854 bitrio
274 4792 484 4870 dependeret.
504 4795 579 4856 Non
601 4795 711 4856 tamen
735 4793 937 4854 intendimus
992 4789 1094 4848 missa
1123 4787 1290 4864 praedictis
1329 4784 1527 4858 attenderes,
1563 4787 1596 4848 et
1633 4787 1785 4863 plenarie

142 4905 339 4968 promovere
363 4893 547 4968 suspectos,
577 4889 751 4952 dummodo
770 4905 835 4950 non
851 4889 937 4950 ultra
992 4899 1230 4948 conservares:
1245 4883 1302 4944 111
1332 4885 1442 4945 utrum
1466 4883 1579 4944 verbis
1607 4883 1693 4946 facta
1708 4900 1783 4946 res-

143 4992 257 5048 noiam
273 4988 472 5064 suspicionis
491 4987 661 5060 extendas,
680 5003 777 5066 quam
797 4985 936 5048 rationis
992 4982 1178 5061 penderint,
1196 4981 1342 5057 fidesque
1355 4981 1526 5056 promissis
1542 4981 1716 5058 plusquam
1731 4981 1784 5042 de-

143 5085 295 5147 tramiles
311 5085 481 5162 patiantur
496 5103 526 5146 s.
992 5079 1066 5143 eeat
1089 5078 1183 5140 Sedis
1209 5079 1420 5154 Apostolicae,
1441 5093 1480 5139 ac
1495 5077 1701 5140 excellentiae
1715 5078 1783 5140 im-

184 5183 225 5242 Et
238 5181 337 5253 infra,
361 5181 418 5242 ubi
444 5182 565 5258 abjecit
579 5181 620 5243 ab
635 5183 708 5258 ipso
723 5181 937 5242 Tarentinum
991 5177 1128 5256 perialis
1142 5177 1317 5248 bonorem;
1334 5174 1569 5236 afflictionibus
1581 5175 1734 5252 publicis,
1751 5177 1786 5238 et

143 5277 443 5356 archiepiscopum,
458 5279 676 5340 catanensem
701 5279 734 5340 et
756 5279 935 5356 cephalud.
992 5276 1099 5353 poenis
1112 5273 1295 5334 manifestis
1311 5273 1481 5348 exponunt
1495 5273 1646 5333 nonnulli
1660 5273 1701 5333 de
1716 5273 1785 5333 fau·

143 5375 320 5454 episcopos
344 5375 493 5454 improbe
519 5375 625 5453 poenis
655 5375 759 5438 variis
787 5375 934 5449 affectos,
990 5372 1118 5434 toribus
1135 5369 1264 5432 comitis
1289 5369 1473 5439 memorati,
1498 5385 1638 5446 quorum
1665 5367 1784 5430 multos

143 5474 262 5535 addit:
992 5472 1066 5547 post
1081 5469 1246 5545 speratam
1272 5465 1313 5526 de
1341 5466 1520 5527 securitate
1546 5465 1699 5526 fiduciam
1726 5465 1785 5527 de-

184 5571 297 5644 ‹Quia
312 5587 390 5633 vero
406 5573 465 5632 Dei
486 5587 595 5633 causae
609 5571 726 5632 deesse
738 5586 804 5631 non
820 5587 939 5648 possu·
992 5567 1069 5628 disti
1082 5565 1195 5636 exilio,
1210 5565 1243 5624 et
1258 5561 1417 5640 quosdam
1442 5561 1664 5638 ignominiosa
1679 5565 1784 5624 morte

144 5683 230 5742 mus,
249 5683 310 5730 nec
326 5667 492 5740 debemus,
510 5683 610 5746 super
634 5667 786 5729 omnibus
811 5667 938 5744 1111111
992 5663 1174 5738 damnasti;
1187 5659 1326 5738 proinde
1346 5674 1521 5736 possumus
1536 5675 1602 5720 non
1618 5657 1783 5722 immerito
