4114 6322
78 289 143 352 189
705 283 934 348 EPISTOLAE.
958 284 1036 348 tte.
1059 286 1115 346 XI.
1324 285 1327 299 '
1675 290 1738 352 190

77 446 219 510 dilectis
244 445 324 507 tiliis
345 443 550 518 consulibus,
565 403 607 508 et*
624 445 746 523 populo
765 444 888 505 Tibur·
941 443 1066 525 pietate
1080 444 1240 508 universa
1252 443 1433 534 disponens
1447 461 1562 512 rerum
1574 445 1743 512 vicissitu-

77 545 171 616 tino,
189 545 341 615 salutem,
359 545 422 604 etc.
941 542 1036 604 dines
1056 558 1123 604 non
1142 543 1215 606 sine
1239 543 1459 620 dispositione
1481 545 1580 610 oertae
1597 546 1739 608 rationis

124 641 362 718 Experimento
389 641 426 701 iu
449 639 544 702 vobis
577 639 765 711 didicimus,
800 639 885 717 quod
941 639 1096 712 alternat,
1119 657 1208 702 nunc
1238 644 1375 718 egentes
1397 643 1524 704 iaciens
1552 642 1738 716 abundare,

80 740 234 800 facilitas
260 739 389 826 veniae,¹
409 739 613 800 incentivum
637 737 754 800 tribuit
774 737 886 799 delin-
941 753 1030 800 nuuc
1051 737 1256 800 abundantes
1271 756 1382 816 egere,
1404 741 1439 802 ut
1460 740 1607 802 humana
1622 740 1740 802 condi·
1846 727 1853 734 ’

81 837 222 914 quendi,
249 853 324 896 cum
348 836 529 912 impunitas
566 852 774 908 excessuum,
805 851 887 912 quos
941 835 989 898 tio
1017 851 1078 913 per
1110 837 1364 900 alternationem
1398 838 1589 916 hujusmodi
1624 837 1740 900 saeculi

81 932 168 992 olim
188 931 315 1008 pluries
340 931 456 990 contra
486 929 688 992 Sublacense
720 931 889 991 monaste-
942 933 995 994 sui
1010 934 1117 996 status
1136 935 1386 1000 instabilitatem
1402 935 1572 1012 agnoscat,
1598 936 1632 996 et
1654 934 1741 996 alter

82 1031 175 1090 rium
191 1027 418 1100 commisistis,
433 1041 493 1088 vos
508 1029 617 1104 magis
628 1027 810 1090 reddiderit
830 1028 886 1087 in·
943 1031 1042 1092 alteri
1051 1033 1265 1107 compatienti
1275 1033 1474 1098 subveniens
1485 1032 1621 1108 impleat
1632 1031 1739 1108 legem

84 1125 235 1188 solentes
252 1127 285 1188 et
299 1127 339 1187 ad
364 1125 471 1202 ipsius
487 1141 667 1200 gravamen
693 1125 888 1186 monasterii
943 1128 1076 1202 Christi,
1094 1130 1172 1205 quia
1183 1129 1339 1205 jubemur
1354 1131 1523 1206 proximos
1538 1130 1671 1192 nostros
1686 1129 1740 1190 di-

82 1225 274 1301 proulores.
291 1223 531 1300 Nuperautem
547 1239 623 1283 cum
642 1221 731 1283 idem
749 1235 887 1282 monas·
943 1225 1049 1302 ligere
1070 1227 1104 1288 et
1129 1227 1216 1288 alter
1238 1227 1377 1290 alterius
1402 1242 1505 1288 onera
1529 1225 1737 1302 supportare.

83 1323 209 1382 terium
222 1321 481 1398 recuperaverit,
494 1335 554 1397 pro
567 1319 676 1396 gratia
691 1320 764 1392 Dei,
777 1335 888 1380 arcem
944 1326 1028 1386 Ecce
1041 1323 1119 1400 quia
1132 1323 1254 1386 tamem
1277 1340 1415 1388 vocasse
1430 1325 1561 1386 videtur
1581 1323 1742 1384 Dominus

86 1419 205 1483 Sancti
221 1419 396 1496 Stephani,
418 1434 490 1495 quae
507 1419 637 1495 spectat
655 1417 697 1478 ad
719 1417 839 1494 ipsum,
857 1417 890 1479 et
944 1436 1044 1496 super
1055 1420 1177 1482 Urbem
1190 1423 1223 1482 et
1237 1423 1272 1482 in
1284 1437 1323 1481 ea
1335 1421 1536 1484 trumentum
1549 1420 1644 1497 panis
1657 1434 1742 1498 gra-

83 1533 147 1578 vos
182 1517 300 1581 contra
340 1516 449 1592 ipsum
483 1515 660 1576 tentaretis
696 1513 887 1590 insurgere,
943 1518 1030 1580 viter
1043 1517 1242 1590 decrevisse,
1256 1519 1410 1579 nonnulli
1422 1521 1533 1580 tamen
1553 1517 1660 1594 ipsius
1676 1519 1742 1577 Ur-

86 1614 289 1690 Apostolicae
317 1613 406 1685 Sedi,
429 1612 470 1673 ad
493 1628 590 1689 quam
608 1611 798 1690 specialiter
812 1627 890 1688 per·-
944 1614 1006 1686 his,
1022 1631 1104 1692 quos
1119 1615 1290 1676 abundare
1305 1615 1390 1676 nulli
1411 1615 1547 1677 dubium
1563 1615 1623 1684 est,
1638 1613 1741 1673 mali-

85 1712 187 1778 tinet,
199 1711 390 1775 nullatenus
402 1710 593 1782 deserendo,
605 1725 667 1770 uos
678 1725 737 1785 per
747 1710 887 1779 litteras,
944 1712 1029 1773 tiose
1056 1729 1152 1774 suam
1173 1711 1410 1774 abundantiam
1438 1711 1654 1782 occultantes,
1679 1725 1743 1770 ne-

86 1809 288 1870 etdilectum
298 1809 594 1884 tiliumllugonem,
604 1806 844 1868 subdiaconum
857 1805 890 1867 et
945 1825 1110 1886 quaquam
1121 1809 1202 1870 illud
1212 1809 1423 1870 maledictum
1433 1808 1611 1869 advertunt
1625 1827 1632 1868 ι
1646 1809 1742 1866 «Ma-

86 1907 302 1982 oapellauum
314 1909 475 1976 nostrum,
486 1903 582 1966 vobis
593 1903 836 1972 mandavimus,
853 1903 891 1964 ut
944 1905 1084 1968 ledictus
1099 1906 1197 1968 homo
1222 1907 1279 1984 qui
1302 1906 1503 1967 frumentum
1519 1904 1692 1966 abscondit
1706 1902 1742 1962 in

87 2003 130 2064 ab
145 2003 298 2080 ejusdem
314 2002 507 2064 monasterii
520 2003 715 2078 gravamina
734 2015 889 2062 cessare-
944 2005 1066 2080 populo
1081 2026 1088 2064 :
1101 2021 1120 2065 ι
1131 2021 1196 2066 uon
1208 2007 1362 2065 curantes
1376 2004 1466 2064 illam
1477 2001 1742 2063 benedictionem

86 2101 150 2176 tis3
178 2103 212 2164 et
240 2102 319 2162 licet
353 2101 440 2162 idem
471 2101 664 2178 capellanus
684 2100 719 2160 in
736 2099 890 2161 consules
945 2103 1099 2179 accipere
1109 2102 1152 2164 de
1163 2118 1228 2180 qua
1243 2103 1399 2164 continue
1412 2099 1741 2162 subinfertur:‹<Be-

88 2199 224 2262 etalios
242 2201 386 2274 majores
401 2199 547 2259 vestrum
567 2197 890 2260 excommunicatio·
945 2199 1091 2262 nedictio
1112 2201 1223 2262 autem
1245 2215 1346 2276 super
1363 2200 1462 2276 caput
1478 2196 1689 2258 vendentium
1701 2211 1739 2270 ιη

89 2298 156 2368 nis,
173 2297 207 2357 et
228 2296 264 2356 in
286 2295 425 2356 ceteros
451 2295 620 2356 interdicti
645 2294 838 2364 sententiae,
861 2294 890 2354 si
945 2313 1007 2359 nec
1033 2296 1176 2376 denique
1205 2296 1413 2359 attendentes
1441 2294 1528 2372 quod
1558 2292 1742 2354 necessitas

92 2397 213 2456 eontra
229 2394 479 2470 praesumerent,
493 2393 695 2470 protulisset,
705 2407 765 2454 vos
779 2393 890 2453 tamen
946 2395 1136 2471 hujusmodi
1150 2393 1333 2456 abundanti
1345 2392 1462 2454 tribuit
1474 2406 1627 2466 magnam
1642 2389 1746 2450 mise·

94 2491 232 2554 easdem
247 2491 495 2552 contemnentes
515 2491 707 2561 sententias,
724 2490 757 2550 et
777 2489 891 2549 nostra
946 2492 1125 2552 ricordiam
1152 2489 1359 2551 diminuendi
1380 2488 1516 2566 peccata
1538 2489 1571 2548 et
1597 2485 1745 2546 divinam

94 2588 355 2652 mansuetudine
369 2586 553 2659 abutentes,
574 2601 760 2664 aggravare
773 2599 892 2648 manus
946 2589 1088 2664 gratiam
1105 2588 1244 2649 ulterius
1268 2585 1489 2666 promerendi.
1515 2584 1660 2660 Urgenta
1675 2582 1744 2658 igi-

93 2689 229 2750 vestras
248 2686 363 2746 durius
387 2686 503 2746 contra
522 2685 630 2761 ipsum
652 2682 891 2744 monasterium
947 2687 1002 2747 tur
1016 2687 1285 2747 necessariorum
1299 2685 1424 2761 inopia,
1442 2681 1614 2744 contluunt
1626 2679 1670 2739 ad
1682 2694 1744 2740 nos

92 2784 279 2860 adjecistis,
294 2783 436 2844 aliorum
460 2782 501 2843 ad
523 2783 587 2844 boo
601 2781 777 2852 auxilium,
795 2781 892 2857 quasi
947 2781 1062 2858 populi
1074 2780 1261 2852 multitudo,
1274 2796 1357 2858 quos
1369 2779 1442 2840 sine
1457 2777 1615 2854 lacrymis
1628 2773 1746 2836 audire

91 2881 352 2960 conjuraveritis
375 2881 412 2941 in
437 2883 509 2957 ejus
523 2880 769 2950 exterminium,
793 2877 898 2938 invo-
948 2893 1016 2940 non
1029 2893 1217 2954 possumus,
1241 2875 1399 2938 alimenta
1415 2876 1607 2952 deposcens,
1625 2873 1658 2932 et
1682 2885 1745 2930 nec

92 2981 223 3042 cantes.
239 2982 319 3040 Cum
336 2979 447 3039 autem
464 2994 526 3038 nec
538 2977 717 3038 debeamus
732 2991 794 3036 nee
807 2975 896 3036 veli·
948 2975 1046 3037 aliter
1061 2992 1159 3053 quam
1175 2976 1203 3035 si
1223 2975 1351 3052 lapides
1366 2973 1562 3034 convertere
1578 2968 1743 3045 possimus

91 3093 168 3137 mus
197 3076 292 3146 talia,
313 3076 349 3136 iu
364 3075 623 3137 destructionem
646 3072 840 3134 monasterii
861 3073 896 3134 et
948 3072 983 3134 in
998 3088 1129 3150 panem,
1146 3077 1204 3133 aut
1229 3071 1264 3131 in
1279 3071 1422 3132 farinam
1446 3069 1545 3130 terrae
1571 3064 1742 3142 pulverem

92 3176 246 3235 nostram
268 3174 300 3234 et
312 3171 510 3250 apostolicae
527 3172 621 3232 Sedis
637 3171 806 3248 injuriam,
824 3185 894 3229 sus·
948 3171 1162 3232 commutare.
1179 3172 1217 3232 Iu
1229 3165 1420 3244 lrnjusmodi
1435 3181 1514 3242 ergo
1536 3159 1748 3224 necessitatis

92 3272 218 3344 tinere,
242 3269 453 3331 universitati
473 3271 595 3330 vestrae
620 3266 680 3328 sub
702 3267 804 3338 omni,
828 3281 894 3342 qua
926 3268 930 3294 ³
948 3267 1090 3331 articulo
1106 3267 1147 3327 ad
1160 3269 1203 3338 te,
1224 3265 1283 3338 tili,
1301 3263 1458 3326 duximus
1474 3257 1674 3322 fiducialiter
1687 3273 1747 3318 re-

92 3365 894 3446 possumus,districtionemandamus,quatenus
949 3363 1162 3436 currendum,
1178 3377 1420 3438 recognoscens
1443 3359 1530 3438 quod
1554 3356 1662 3417 felicis
1686 3369 1745 3414 re-

93 3467 137 3527 ab
164 3465 272 3542 ipsius
300 3462 513 3528 intestatione
546 3463 681 3540 penitus
712 3461 892 3532 desistatis,
927 3461 1153 3526 cordationis
1177 3459 1366 3522 Alexander
1390 3459 1423 3518 et
1448 3455 1582 3524 Lucius,
1605 3449 1748 3513 Romani

94 3562 251 3640 alioquin
273 3561 306 3622 et
329 3560 505 3637 praedictas
527 3559 713 3621 sententias
733 3558 931 3619 faciemus
927 3559 1133 3657 pontifices,
1152 3557 1415 3634 praedecessores
1442 3551 1561 3622 nostri,
1589 3548 1630 3610 ad
1650 3561 1747 3624 reges

94 3661 297 3721 inconcusse
312 3657 452 3730 servari,
469 3659 502 3720 et
514 3657 601 3718 alias
616 3657 651 3716 in
665 3672 723 3718 vos
737 3671 896 3732 aggrava·
927 3666 931 3707 t
952 3659 1076 3722 Siciliae
1091 3656 1354 3733 praedecessores
1375 3654 1452 3714 tuos
1478 3649 1512 3712 in
1538 3664 1620 3710 casu
1644 3643 1746 3706 simili

95 3757 207 3818 bimus
234 3755 348 3817 taliter
367 3771 484 3816 manus
506 3756 651 3826 nostras,
684 3753 770 3830 quod
798 3767 931 3829 poena
951 3755 1099 3818 habuere
1125 3767 1309 3823 recursum,
1331 3751 1364 3811 et
1386 3763 1443 3810 eos
1465 3745 1635 3816 liberatae,
1653 3741 1752 3820 prout

95 3872 157 3916 vos
173 3853 319 3915 instruet
331 3867 428 3929 quam
441 3853 591 3928 graviter
602 3849 820 3928 deliqueritis,
835 3865 896 3910 nos
928 3868 931 3909 1
951 3852 1098 3930 regalem
1109 3847 1391 3926 magnificentiam
1402 3844 1522 3913 decuit,
1536 3839 1747 3904 invenerunt.

97 3955 132 4014 et
155 3955 341 4014 Romanam
363 3949 587 4022 Ecclesiam,
579 3965 614 4009 ιιι
633 3947 721 4008 iacto
746 3947 931 4024 ejusdem
952 3951 1044 4024 Quod
1057 3947 1097 4010 de
1112 3951 1169 4010 tua
1194 3945 1394 4008 liberalitate
1409 3957 1475 4004 non
1503 3939 1640 4018 indigne
1663 3953 1753 4014 prae-

97 4048 308 4118 111011881θῖἰί
321 4048 387 4108 tam
398 4044 765 4122 graviteroffendendo
778 4045 931 4108 Datum
952 4049 1106 4118 sumitur,
1119 4061 1193 4107 cum
1207 4059 1273 4104 non
1286 4041 1449 4102 minorem
1463 4037 1645 4098 babeamus
1658 4034 1699 4094 ad
1714 4035 1747 4096 te

98 4147 269 4216 Laterani,
296 4145 456 4205 Kalendas
482 4143 653 4216 februarii,
680 4141 896 4220 pontificatus
929 4121 1103 4208 'caritatis
1119 4140 1274 4204 affectum
1288 4154 1386 4218 quam
1402 4136 1443 4196 ad
1457 4129 1750 4212 rpsoslrabuerunt

97 4242 529 4310 110⁸tl‘isassn0undecim0·
929 4230 1127 4326 {pontifices
1160 4236 1330 4306 antedicti,
1359 4249 1420 4293 nec
1448 4231 1623 4298 minorem,
1649 4241 1749 4304 quam

930 4339 1054 4402 tuerit
1074 4333 1265 4400 eorumdem
1291 4345 1407 4406 regum
1433 4327 1475 4388 ad
1497 4326 1587 4396 illos,
1603 4325 1694 4385 tuam
1709 4321 1752 4381 ad

930 4454 1015 4509 nos
1048 4429 1306 4499 benivolentiam
1340 4425 1553 4488 aestimemus.
1590 4417 1753 4498 Imperia-

436 4497 566 4584 LVHI
930 4529 1019 4598 :lem
1045 4533 1155 4608 itaque
1170 4525 1405 4589 liberalitatem
1433 4521 1535 4592 omui,
1552 4533 1753 4598 quapossu-

98 4651 380 4718 Adppsaprrqmn
389 4644 896 4718 mmmaarnwaratoram
931 4641 934 4693 t
954 4648 1039 4706 mus,
1054 4627 1230 4691 affectione
1246 4621 1466 4702 deposcimus,
1492 4619 1655 4698 quatenus
1671 4630 1754 4692 pru·

685 4723 688 4730 ’
955 4731 1071 4793 denter
1085 4723 1259 4790 attendens
1277 4721 1419 4798 gratiam
1438 4713 1650 4794 promerendi
1665 4709 1754 4772 divi-

932 4838 1045 4896 ‘nam
1057 4823 1279 4904 populumque
1291 4821 1476 4880 Romanum
1488 4807 1754 4874 addrleotronem

214 4899 342 4966 [llunrard
358 4897 496 4958 Br⁰h⁰¹¹⁸⁸’
513 4899 576 4950 Hm
595 4898 669 4963 ὥρι’
678 4895 790 4961 ΠῊῊΟ]
934 4925 1064 5004 potius
1079 4921 1221 4998 gratiam
1237 4917 1300 4978 sibi
1326 4913 1496 4990 desupert
1482 4909 1545 4972 tibi
1564 4909 1676 4970 datam
1699 4905 1755 4966 hi-

101 5029 178 5086 Eum
197 5031 326 5100 10831111
348 5025 442 5082 minat
455 5023 627 5082 eumarum
643 5021 681 5080 ad
701 5019 806 5082 Urbem
826 5026 899 5076 tem
934 5023 1073 5085 lariter
1088 5013 1316 5094 amplectendo
1330 5011 1433 5074 verbo
1455 5007 1590 5084 Josepb,
1607 5003 1663 5082 qui
1678 5002 1752 5111 pari

136 5129 210 5188 1³⁰re
234 5112 327 5182 sflffiiss
352 5113 570 5185 exemplumque
596 5117 735 5169 memmii
763 5123 901 5182 tillium
957 5117 1155 5182 necessitate
1184 5115 1311 5192 patrem
1337 5109 1429 5190 pavit
1457 5107 1490 5168 et
1514 5105 1662 5173 fratrem,
1687 5097 1755 5176 ipsi

347 4775 486 4851 (ianuarii
508 4774 657 4849 exeunte).

137 5200 342 5260 Alexandrini
363 5201 452 5270 Lucii,
477 5201 524 5274 qut
540 5201 568 5257 in
584 5200 669 5260 simili
685 5213 753 5256 casu
767 5196 802 5254 ad
817 5212 937 5270 roges
934 5217 1089 5298 rpopulo
1107 5211 1163 5292 qui
1184 5215 1342 5288 tanquam
1369 5206 1411 5268 ad
1441 5205 1569 5280 patrem
1594 5199 1753 5260 eauriens

138 5291 244 5349 Sicilia
264 5289 423 5347 habuerant
443 5303 590 5346 recursum
609 5295 638 5345 et
659 5287 816 5360 benignum
839 5301 899 5342 res·
957 5315 998 5377 ad
1014 5329 1075 5374 nos
1091 5309 1223 5380 clamat
1248 5305 1370 5367 debeas
1391 5299 1557 5378 largitatis
1578 5299 1645 5358 tuae
1670 5295 1756 5356 (101.

139 5393 263 5454 pmmuffl
283 5385 462 5451 acceperam
957 5415 1063 5476 teram
1075 5409 1217 5487 aperire,
1230 5405 1266 5466 ut
1280 5397 1471 5479 hujusmodi
1484 5395 1618 5458 articuli
1630 5405 1757 5466 augus-

144 5521 328 5591 Houorius,
346 5521 408 5582 ete.
956 5512 1022 5573 tias
1038 5503 1272 5585 perauxilium
1295 5502 1388 5562 tuum
1413 5495 1555 5557 evadere
1570 5491 1752 5559 valeamus,

145 5617 300 5680 ccelesiis
315 5617 457 5680 altitudo
468 5614 599 5680 consilii
613 5615 680 5678 alta
693 5618 726 5676 et
740 5611 904 5676 ineflabili
958 5609 992 5670 et
1006 5604 1177 5684 generatio
1199 5601 1271 5663 lraec
1295 5611 1396 5674 opera
1411 5596 1468 5656 tua
1489 5589 1603 5653 laudet
1622 5587 1656 5648 et
1669 5586 1756 5646 hanc
