4114 6322
290 295 347 356 151

290 453 391 518 ronta
405 453 502 516 nobis
518 453 690 516 humiliter
699 452 942 530 supplicarunt,
954 453 1001 525 ut,
1014 468 1088 514 cum

291 553 520 628 possessiones
535 552 679 614 habeant
693 552 728 611 in
748 551 940 628 Semigallia
956 553 989 611 31
1005 566 1089 612 con-

291 649 399 724 tingat
434 650 624 721 interdum,
659 651 745 726 quod
781 651 816 710 in
851 647 1089 726 quaestionibus

293 747 537 822 emergentibus
557 749 590 808 in
603 763 671 818 eoa,
688 764 747 808 seu
762 748 796 808 in
815 763 930 808 eorum
946 746 1086 821 aliquos,

293 843 517 904 arenerabili
541 845 643 906 tratre
668 847 782 906 nostro
801 845 957 922 episcopo
982 842 1090 904 Semi-

292 941 403 1016 galliae
434 939 789 1004 excommunicationis
818 942 982 1003 sententia
1009 957 1091 1017 pro-

293 1039 432 1107 teratur,
448 1041 481 1102 et
502 1041 636 1116 propter
660 1041 808 1100 locorum
830 1039 1021 1100 distantiam
1037 1037 1087 1098 eis

293 1134 429 1196 diltlcila
445 1137 489 1196 sit
503 1138 725 1213 apostolicam
746 1137 863 1196 Sedem
878 1136 983 1206 adire,
1000 1149 1088 1210 quo-

293 1233 383 1294 tiens
406 1234 438 1294 id
461 1235 632 1310 contingit,
659 1251 759 1310 snper
782 1235 853 1294 baec
877 1233 926 1293 eis
948 1233 1089 1308 paterna

293 1331 467 1406 providere
502 1331 728 1393 sollicitudine
762 1332 989 1405 dignaremur.
1027 1332 1091 1390 Vo-

294 1427 400 1488 lentes
415 1429 519 1504 igitur
533 1429 665 1490 eosdem
691 1429 886 1504 magistrum
910 1429 942 1488 et
966 1427 1089 1487 tratres

295 1524 356 1584 suh
383 1526 557 1602 religionis
579 1527 715 1588 obtentu
738 1527 773 1586 iu
797 1526 861 1586 hoc
884 1525 917 1586 et
940 1527 975 1584 in
998 1524 1087 1594 aliis,

296 1623 454 1699 quantum
468 1623 649 1684 secundum
664 1626 767 1684 Deum
784 1639 972 1700 possumus,
989 1636 1090 1682 31133-

295 1718 377 1790 dire,
395 1719 594 1782 fraternitati
607 1722 673 1782 tuae
687 1737 746 1796 per
756 1721 945 1796 Apostolica
966 1719 1088 1795 scripta
1106 1756 1111 1762 -

295 1817 501 1889 mandamus
518 1821 680 1895 quatenus
699 1817 878 1894 requisitus
896 1817 937 1878 ab
955 1817 1004 1876 eis
1023 1832 1088 1877 ex·-

296 1915 605 1976 communicationis
627 1932 685 1976 seu
705 1915 875 1977 interdicti
893 1915 1086 1986 sententias,

295 2027 378 2089 quas
410 2013 446 2073 in
478 2029 535 2074 eos
563 2014 617 2074 vel
647 2029 763 2074 eorum
792 2013 866 2074 loca
894 2013 1088 2088 praedictum

296 2111 487 2186 episcopum
509 2111 686 2185 contigerit
704 2111 932 2186 promulgare,
956 2109 1089 2170 relaxes

291 2209 390 2283 juxta
400 2206 540 2266 formam
549 2207 705 2268 Ecclesiae
714 2207 916 2278 consuetam,
925 2207 990 2268 nisi
1003 2207 1088 2266 idem

295 2305 469 2380 episcopus
493 2320 513 2364 a
535 2305 568 2366 te
591 2305 810 2366 commonitus
841 2321 898 2366 eos
935 2305 1089 2366 relaxare

296 2402 465 2479 curaverit
478 2401 565 2462 intra
579 2403 769 2474 terminum,
782 2419 879 2478 quem
893 2402 925 2464 ei
941 2404 1000 2462 133
1011 2417 1090 2477 pro·

294 2499 442 2564 videntia
471 2499 604 2562 duxerit
630 2499 883 2576 praeligendum,
914 2498 1088 2560 auditurus

296 2597 516 2674 postmodum,
533 2597 653 2673 siquid
668 2597 867 2658 remanserit
881 2596 1087 2673 quaestionis,

296 2694 330 2754 et
343 2694 409 2754 fine
424 2693 532 2754 debito
554 2693 736 2754 decisurus.
760 2695 795 2754 Si
815 2693 925 2756 autem
940 2694 972 2755 te
987 2709 1088 2756 causa

296 2791 500 2868 praedicandi
527 2791 569 2852 ad
601 2791 674 2852 loca
705 2791 884 2852 remotiora
907 2791 958 2851 ire
979 2792 1088 2852 conti-

295 2889 392 2964 gerit,
402 2888 585 2950 alicuiviro
596 2889 749 2964 prudenti
758 2889 944 2950 committas
954 2889 1088 2950 interim

295 2987 386 3048 vices
397 2988 481 3047 tuas.
496 2987 614 3046 Datum
627 2987 795 3058 Laterani,
810 2989 854 3047 IV
866 2986 940 3048 idus
956 2985 1090 3047 decem-

295 3081 376 3154 bris,
393 3083 604 3160 pontificatus
619 3084 724 3146 nostri
739 3099 828 3145 anno
842 3083 1027 3144 undecimo.

630 3349 759 3436 XXIV

309 3501 360 3562 Ad
374 3501 582 3576 osculaturum
598 3501 629 3560 et
642 3500 774 3574 fratres
786 3499 920 3561 mtttttae
934 3499 1073 3560 Clartstt.

557 3629 591 3686 to
605 3627 735 3686 decemb.
752 3629 832 3687 1225.

296 3751 390 3818 [lditth.
401 3767 424 3804 3.
440 3753 465 3804 d.
480 3752 597 3804 (leschin.
608 3753 664 3805 Lis.
676 3753 747 3805 Ehst.
760 3767 786 3802 3.
805 3752 942 3812 lturlands,
956 3753 1021 3812 Vlll,
1033 3752 1087 3809 tat,

655 3848 682 3882 n.
692 3835 730 3894 6.]

296 3939 538 4011 compositionem
564 3941 637 3996 inter
655 3939 825 4012 magistrum
840 3937 997 4009 fratresque
1012 3939 1086 3996 mili·

332 4027 378 4086 113
396 4027 499 4086 Christi
510 4028 540 4084 in
557 4027 676 4084 Livonia
691 4041 727 4084 ex
737 4035 817 4100 parte
831 4042 887 4084 una
903 4035 931 4084 et
946 4029 1086 4084 Herman-

309 4105 312 4116 '
330 4131 399 4172 num
412 4115 577 4188 episcopum
593 4115 760 4172 teatensem
770 4129 807 4172 ex
818 4115 905 4172 altera
925 4129 1011 4187 super
1025 4115 1086 4186 qui·

308 4203 311 4211 “
329 4203 450 4260 busdam
466 4203 718 4261 terriscontumat.

335 4339 513 4411 Honorius,
530 4339 606 4412 etc,
617 4339 816 4414 magistroet
832 4339 989 4400 tratribus
1005 4340 1089 4400 mili·

296 4436 378 4496 litiae
397 4436 531 4508 Christi,
548 4439 610 4498 etc.

335 4533 381 4592 Ea
397 4547 470 4608 quae
481 4531 607 4608 judicio
622 4533 675 4594 vel
691 4532 868 4594 concordia
884 4533 1086 4606 statuuntur,

298 4628 392 4688 firma
405 4627 525 4689 debent
547 4629 580 4689 et
601 4629 728 4690 illibata
744 4629 929 4690 consistere
941 4632 984 4701 et,
1001 4646 1042 4690 ne
1053 4631 1088 4690 iu

297 4725 452 4786 recidivae
469 4725 690 4786 contentionis
715 4726 906 4803 scrupulum
934 4727 1091 4788 relaban-

298 4822 364 4892 tur,
381 4822 570 4896 Apostolico
591 4823 745 4884 convenit
760 4823 916 4900 praesidio
938 4839 1089 4884 commu-

299 4917 378 4978 niri.
415 4920 614 4992 Eapropter,
645 4919 758 4980 dilecti
792 4919 825 4980 in
847 4921 986 4980 Domino
1011 4921 1088 4990 filii,

296 5015 418 5077 vestris
429 5014 530 5092 justis
545 5017 825 5091 postulationibus
842 5019 936 5092 grato
948 5033 1090 5079 concur-

296 5114 409 5174 rentes
429 5127 582 5183 assensu,
611 5113 894 5189 compositionem,
912 5131 985 5190 quae
1000 5115 1089 5176 inter

279 5224 355 5270 ¹uos
370 5225 413 5270 es
437 5211 530 5286 parte
555 5227 621 5270 una
650 5210 683 5271 et
704 5209 927 5271 venerabilem
953 5212 1089 5273 tratrem

296 5307 482 5367 nostrum...
496 5307 690 5368 beatensem
706 5308 897 5384 episcopum
912 5323 955 5368 ex
970 5309 1087 5381 altera,

297 5419 397 5480 super
412 5403 607 5482 quibusdam
629 5405 740 5477 terris,
757 5405 977 5466 mediantibus
988 5423 1090 5466 vene-

295 5500 396 5563 rabili
408 5501 511 5564 tratre
526 5503 641 5564 nostro
655 5504 793 5580 Rigensi
807 5503 962 5580 episcopo
971 5505 1004 5566 et
1016 5507 1088 5582 ejus

299 5599 447 5676 collegis,
474 5599 695 5664 amicabiliter
718 5602 907 5674 intervenit,
935 5603 1033 5678 prout
1054 5603 1088 5664 in

909 291 1085 389 HONQRII
1107 291 1154 350 111
1174 292 1324 352 OPERA.

1897 287 1960 348 152

1142 451 1264 514 litteris
1294 449 1372 512 mdo
1395 451 1555 514 contectis
1576 451 1710 529 plenius
1732 449 1956 518 continetur,

1143 548 1228 610 sicut
1242 549 1306 609 rite
1321 549 1565 625 sinepravitate
1580 549 1667 610 13313
1680 550 1740 621 331,
1755 546 1961 626 provideat

1143 645 1184 706 ab
1220 649 1360 722 utraque
1398 650 1515 722 sponte
1548 651 1699 722 recepta,
1735 645 1959 708 auctoritate

1142 741 1958 820 Apostolicaconfirmamusetpraesentisscripti
2048 731 2049 756 ¹

1143 841 1329 916 patrocinio
1355 842 1607 902 communimus.
1633 841 1681 902 Ad
1698 844 1873 916 majorem
1891 855 1959 898 au·
2048 889 2049 896 ,

1143 940 1209 998 1313
1224 939 1274 998 131
1285 938 1497 1008 evidentiam,
1512 941 1659 1000 tenorem
1679 939 1883 1000 litterarum
1900 937 1960 1012 ip·
2048 973 2049 976 =

1143 1050 1255 1094 sarum
1268 1035 1423 1096 duximus
1439 1036 1480 1096 de
1504 1036 1606 1096 narbo
1621 1036 1662 1096 ad
1688 1035 1835 1096 uerbum
1862 1050 1959 1110 prae-

1143 1132 1292 1194 sentibus
1308 1133 1536 1193 inserendum:

1182 1230 1388 1290 «innomine
1402 1234 1526 1292 sauctae
1541 1231 1575 1292 31
1589 1230 1769 1292 individuas
1789 1228 1959 1290 Trinita-

1143 1326 1197 1386 tis.
1214 1329 1437 1400 llermannus,
1454 1327 1513 1388 Dei
1533 1327 1831 1402 gratiaLealensis
1857 1327 1960 1402 epis·
2048 1353 2049 1370 .

1143 1440 1257 1500 copus,
1290 1424 1443 1486 omnibus
1465 1425 1528 1486 hoc
1555 1425 1715 1501 scriptum
1736 1423 1952 1500 legentibus,

1143 1522 1283 1582 salutem
1300 1523 1333 1582 in
1346 1537 1397 1594 eo,
1408 1523 1465 1599 qui
1478 1523 1532 1582 est
1549 1523 1639 1582 salus
1654 1523 1815 1586 omnium.

1182 1621 1335 1680 «Notum
1346 1636 1419 1680 esse
1434 1620 1587 1680 volumus
1603 1621 1671 1680 tam
1689 1620 1824 1692 1313113,
1846 1634 1956 1696 quam

1143 1717 1373 1792 praesentibus,
1405 1717 1491 1794 quod
1516 1717 1556 1778 de
1580 1717 1953 1778 consiliovenerabilis

1142 1812 1256 1874 fratris
1275 1814 1382 1874 nostri
1402 1813 1539 1885 Atherti,
1555 1815 1709 1889 Rigensis
1729 1815 1900 1890 episcopi,
1919 1815 1954 1874 et

1143 1911 1295 1972 ecclesiae
1306 1927 1387 1986 suae,
1416 1913 1668 1988 peregrinorum
1687 1927 1818 1988 quoque
1832 1928 1878 1972 ac
1895 1912 1950 1972 ci-

1144 2009 1234 2068 vium
1271 2009 1477 2084 Rigensium,
1511 2026 1585 2070 cum
1619 2009 1778 2070 fratribus
1809 2009 1950 2070 militiae

1144 2105 1278 2176 Christi,
1292 2107 1389 2182 juxta
1413 2106 1499 2183 quod
1519 2107 1554 2166 in
1576 2107 1768 2168 authentico
1789 2107 1947 2182 ipsorum

1144 2202 1344 2274 continetur,
1365 2203 1466 2264 talem
1485 2198 1624 2264 fecimus
1648 2204 1943 2280 compositionem,

1145 2301 1181 2360 ut
1195 2299 1381 2362 videliceta
1394 2301 1490 2362 nobis
1507 2303 1540 2362 et
1553 2317 1572 2361 a
1586 2303 1709 2362 nostris
1725 2301 1946 2362 successori-

1144 2396 1206 2458 bus
1219 2397 1284 2473 ipsi
1294 2399 1429 2459 teneant
1450 2399 1593 2460 mediam
1608 2399 1744 2459 circiter
1763 2399 1943 2474 regionem

1144 2495 1355 2571 episcopatus
1372 2496 1489 2566 nostri,
1501 2495 1737 2572 jurisdictione
1748 2495 1840 2556 civili
1857 2511 1943 2571 per-

1144 2592 1243 2667 petuo
1252 2592 1495 2667 possidendam,
1513 2609 1588 2652 cum
1617 2593 1779 2664 ecclesiis,
1796 2591 1941 2654 decimis

1143 2691 1175 2749 et
1184 2689 1275 2748 omni
1293 2689 1514 2750 emolumento
1529 2689 1715 2766 temporali,
1740 2691 1868 2750 terram
1889 2688 1945 2748 vi-

1143 2785 1262 2847 delicet
1302 2787 1469 2859 Sachelae,
1502 2788 1750 2863 Normigundae,
1792 2787 1937 2856 Mockae,

1142 2899 1217 2944 cum
1233 2884 1303 2944 suis
1327 2885 1525 2956 attinentiis,
1549 2886 1582 2946 et
1607 2885 1778 2945 dimidiam
1804 2886 1936 2961 partem

1141 2978 1241 3040 terrae
1256 2980 1416 3056 Vaigelae,
1429 2980 1521 3042 salvo
1532 2981 1567 3041 in
1582 2981 1735 3042 omnibus
1750 2981 1844 3041 nobis
1855 2983 1936 3056 jure

1142 3077 1320 3153 spirituali.
1351 3080 1389 3138 ln
1417 3078 1550 3155 illisque
1576 3080 1674 3140 terris
1701 3078 1935 3154 perecclesias

1143 3189 1221 3234 suas
1236 3190 1397 3251 personas
1412 3175 1548 3236 idoneas
1561 3177 1736 3237 instituent
1750 3177 1783 3237 et
1798 3191 1855 3236 eas
1869 3176 1936 3234 ins·

1142 3271 1309 3332 tituendas
1323 3271 1419 3332 nobis
1438 3273 1695 3348 praesentabunt.
1714 3277 1778 3334 Pro
1798 3273 1851 3332 his
1866 3288 1934 3332 au-

1141 3369 1207 3428 tem
1220 3367 1319 3428 terris
1328 3369 1455 3430 nullum
1468 3370 1562 3430 nobis
1571 3370 1752 3447 temporale
1762 3370 1936 3430 servitium

1142 3464 1232 3526 aliud
1249 3464 1462 3538 exhibebunt,
1480 3467 1544 3526 nisi
1568 3467 1653 3544 quod
1667 3483 1726 3544 pro
1744 3467 1937 3544 episcopatu

1142 3561 1934 3640 nostroincursushostiumJugiterdecertabant,

1142 3661 1176 3719 et
1190 3659 1225 3718 in
1250 3659 1478 3736 spiritualibus
1505 3661 1601 3722 nobis
1615 3660 1778 3732 obedient,
1805 3662 1847 3732 et,
1861 3676 1936 3720 cum

1142 3756 1273 3817 ratione
1295 3757 1397 3817 officii
1421 3758 1619 3834 episcopalis
1643 3759 1803 3820 ecclesias
1821 3773 1935 3819 eorum

1143 3853 1363 3925 visitabimus,
1399 3869 1562 3930 expensas
1596 3855 1691 3916 nobis
1726 3855 1932 3917 necessarias

1142 3950 1388 4012 ministrabunt.
1407 3953 1560 4013 Fluvium
1582 3954 1692 4014 autem
1715 3955 1872 4029 Emajoga
1892 3951 1935 4012 li-

1141 4047 1257 4108 berum
1283 4049 1515 4125 relinquimus,
1541 4034 1594 4111 nel
1617 4049 1827 4126 gurgustium
1846 4049 1935 4124 regis

1143 4145 1316 4206 dimidium
1327 4148 1376 4206 eis
1389 4147 1602 4208 dimittemus.
1613 4149 1662 4208 Ne
1678 4148 1751 4224 quis
1766 4149 1876 4208 autem
1887 4146 1935 4206 eis

1144 4243 1328 4318 superbae
1357 4246 1471 4305 nostra
1496 4244 1711 4306 concessione
1733 4245 1934 4305 malitiosum

1144 4339 1264 4401 atterat
1275 4339 1559 4416 impedimentum,
1576 4341 1636 4401 sub
1652 4341 1874 4402 anathematis
1889 4341 1936 4401 in-

1143 4438 1379 4500 terminatione
1394 4438 1620 4515 prohihemus,
1630 4441 1663 4500 et
1675 4441 1711 4500 ut
1726 4421 1848 4500 factum
1861 4454 1935 4499 nos·

1143 4535 1232 4596 trum
1250 4533 1352 4596 robur
1372 4537 1567 4612 perpetuum
1582 4535 1739 4606 obtineat,
1762 4536 1935 4597 113113331-

1142 4636 1210 4693 tam
1244 4631 1320 4692 inde
1357 4633 1523 4694 conscribi
1549 4633 1582 4694 et
1610 4633 1721 4708 sigillo
1753 4634 1867 4694 nostro
1904 4635 1936 4694 et

1143 4729 1270 4790 domini
1293 4731 1446 4806 Rigensis
1471 4731 1619 4807 episcopi
1642 4732 1675 4792 et
1702 4731 1852 4792 ecclesiae
1867 4746 1935 4790 suae

1143 4827 1265 4887 muniri
1283 4826 1432 4888 tacimus.
1442 4831 1548 4904 Hujus
1563 4827 1705 4888 actionis
1720 4828 1821 4888 testes
1836 4829 1930 4888 sunt:

1144 4923 1303 4984 Dominus
1338 4925 1508 4995 hibertus,
1547 4924 1704 4999 Ripensis
1747 4924 1934 5001 episcopus,

1142 5024 1290 5082 ioannes
1314 5022 1513 5098 praepositus
1541 5023 1573 5082 S.
1591 5021 1706 5082 Mariae
1733 5021 1769 5082 in
1795 5021 1880 5097 Riga
1904 5024 1936 5081 et

1144 5119 1216 5193 ejus
1227 5119 1420 5189 conventus,
1434 5116 1554 5178 Alhero
1567 5117 1659 5192 prior
1673 5117 1707 5176 in
1722 5117 1937 5178 Dunemundo

1144 5229 1219 5274 cum
1246 5213 1403 5274 tratribus
1441 5213 1522 5284 suis,
1550 5215 1728 5275 Rotmarus
1761 5229 1937 5289 germanus

1144 5311 1269 5382 noster,
1286 5311 1429 5372 Thomas
1443 5309 1604 5386 plebanus
1616 5311 1650 5370 in
1663 5311 1852 5386 Luneburg,
1867 5327 1939 5372 ras-

1144 5407 1218 5468 salli
1235 5408 1386 5469 ecclesiae
1400 5407 1555 5483 Ripensis
1573 5429 1579 5466 :
1597 5423 1706 5468 comes
1725 5408 1935 5469 Burchardus

1143 5505 1184 5566 de
1197 5505 1400 5582 Aldenburg,
1418 5505 1535 5566 Daniel
1551 5504 1591 5564 de
1603 5503 1791 5578 Lineward,
1809 5507 1935 5566 Goura-

1143 5603 1204 5664 dus
1220 5601 1259 5664 de
1281 5601 1443 5674 Ikescola,
1460 5600 1629 5665 iohannes
1651 5601 1691 5664 de
1712 5601 1826 5676 Dolen,
1841 5619 1937 5682 pere·
