4114 6322
765 280 1095 344 urlsrobm.‚121a
1117 281 1173 342 XI.
1597 287 1604 296 '
1733 283 1792 358 160

477 446 620 534 XXXV
773 477 777 484 -
997 439 1046 502 tia
1069 441 1118 504 sic
1140 437 1296 504 dufimus
1320 437 1542 514 statuendum,
1570 441 1607 504 ut
1634 439 1791 518 uidelicet

999 539 1069 616 ipse
1084 539 1264 616 imperator
1279 555 1340 616 pro
1354 539 1542 602 reverentia
1555 541 1637 602 lesu
1651 537 1789 614 christi,

142 605 945 680 Aarectorecsocaetataneccaram,marcata
999 637 1033 698 02
1055 637 1188 712 negot-,0
1214 637 1326 698 Tm
1348 638 1478 698 Sancta,
1495 651 1567 706 suo,
1593 639 1627 698 et
1650 635 1712 698 fflii
1726 638 1791 710 sui.

407 719 449 765 αθ
462 701 684 766 Ηθῃωηῑθῖω·
998 749 1038 794 ao
1054 732 1185 808 imperii
1198 733 1332 796 nomine
1346 733 1401 814 iis,
1415 734 1472 810 qui
1487 736 1564 795 sunt
1578 733 1619 794 de
1633 735 1793 798 societate

417 843 575 916 ajanuarii
595 844 674 902 1227,
747 845 749 852 ·
995 830 1168 907 jamdicta,
1193 830 1429 893 universaliter
1448 831 1589 906 singulis
1611 833 1643 897 et
1672 819 1792 908 singu·-

243 973 324 1037 mum
326 971 414 1026 nro-ar
415 943 509 1026 enarres
533 974 595 1027 Hm·
607 975 633 1026 d.
650 976 715 1027 ron
739 975 762 1027 Π
783 975 853 1042 m]
998 927 1309 996 lariterunirersis
1335 928 1483 989 remittat
1510 943 1641 993 omnem
1654 939 1792 994 raneos

511 1011 517 1034 '
626 991 652 1041 Ψ
719 999 770 1036 ”
998 1039 1080 1097 rem,
1108 1024 1389 1097 malevolentiam,
1407 1025 1552 1101 injurias
1576 1026 1610 1088 et
1629 1025 1793 1104 offensas,

145 1101 199 1158 Eis
213 1101 298 1158 mittit
311 1100 510 1172 compromissi
533 1098 664 1170 termam,
679 1099 755 1174 quod
775 1101 829 1174 ipsi
844 1108 873 1158 et
886 1102 942 1159 lloe
999 1123 1111 1185 omma
1135 1137 1265 1199 quoquo
1283 1120 1405 1196 banna,
1429 1123 1693 1195 constitutiones,
1715 1141 1795 1186 sen„

183 1203 336 1247 manorum
353 1191 507 1262 impertior
525 1190 554 1246 in
576 1189 754 1263 providentia
774 1189 942 1249 1111111111ὲ
999 1219 1121 1280 tenuas
1136 1221 1171 1280 et
1183 1219 1424 1290 ordinamenta,
1448 1235 1521 1296 ω
1540 1219 1628 1292 Μ)
1651 1221 1704 1284 vol
1726 1223 1793 1284 ima

183 1285 261 1336 Μ
275 1291 392 1334 mm
404 1285 571 1350 mmm*
999 1317 1110 1394 posuit
1124 1322 1184 1392 per
1197 1332 1244 1388 se,
1261 1317 1314 1378 uel
1327 1332 1389 1394 per
1402 1315 1516 1389 alium,
1536 1317 1664 1380 aliusve
1679 1335 1738 1396 pro
1753 1335 1794 1386 eo

190 1413 860 1490 Honorius‘episooprrs,servnsservorum
871 1413 942 1486 Dei,
1000 1413 1223 1486 societatirel
1242 1413 1348 1484 ,alicui
1370 1413 1414 1476 de
1433 1414 1593 1478 societate
1622 1416 1792 1492 praedicta,

147 1510 337 1572 rectoribus
359 1511 529 1573 societatis
551 1511 770 1584 Lombardiae,
784 1511 944 1574 Marchiae
1000 1509 1202 1582 civitatibus,
1226 1511 1309 1572 locis
1325 1511 1358 1571 et
1376 1511 1529 1586 personis
1545 1511 1585 1574 de
1600 1512 1797 1589 1111113οοὶ1·-

143 1624 188 1669 ac
202 1607 419 1680 Romaniolaei
431 1611 495 1672 eto.
999 1610 1079 1676 ute,
1092 1609 1125 1672 et
1137 1615 1352 1684 quaecumque
1367 1609 1484 1682 exeis,
1503 1609 1556 1669 rel
1572 1609 1613 1670 ob
1624 1624 1665 1672 ea
1680 1612 1796 1684 secuta

189 1693 269 1782 Ejus
282 1704 404 1771 locum,
420 1693 499 1767 licet
516 1691 689 1776 immeriti,
707 1693 894 1768 obtinentes
908 1705 944 1766 ib
999 1706 1086 1778 suut,
1104 1705 1235 1781 penitus
1257 1707 1391 1768 revocet
1409 1709 1441 1768 et
1456 1707 1647 1782 specialiter
1660 1708 1798 1784 consti*

146 1803 260 1874 terris,
277 1802 334 1878 qui
353 1817 420 1879 pax
438 1802 641 1864 nostraiecit
662 1805 804 1880 utraque
828 1819 942 1875 unum,
998 1803 1162 1866 tutionem
1184 1801 1305 1864 samam
1329 1802 1370 1864 de
1392 1803 1512 1874 studio,
1536 1807 1570 1864 et
1587 1804 1795 1868 studentibus

143 1900 233 1962 duas
258 1900 402 1976 parietes
423 1899 596 1962 venientes
615 1916 634 1961 e
650 1899 781 1962 diuerso
796 1903 943 1977 conjun-
998 1901 1175 1972 Bononiae,
1190 1900 1365 1962 univorsos
1381 1901 1415 1962 et
1426 1901 1586 1976 singulos,
1614 1902 1670 1977 qui
1694 1917 1796 1966 occas

146 2011 232 2072 gens
245 1995 282 2058 in
295 1995 404 2072 seipso
419 1995 530 2072 lapide
541 1997 708 2072 angulari,
729 1996 944 2058 nascentibus
999 1997 1093 2067 sione
1120 1997 1263 2073 aliocujus
1283 1995 1516 2074 praedictorum
1539 1997 1611 2062 laesi
1625 1999 1793 2074 videntur,

147 2089 311 2154 debemus
332 2093 468 2156 obviare
495 2093 683 2166 discordiis,
710 2097 742 2156 et
770 2093 944 2156 intendere
999 2095 1179 2166 restituens
1201 2095 1236 2156 in
1256 2094 1422 2170 integrum
1449 2095 1484 2154 in
1507 2095 1670 2170 omnibus,
1688 2098 1721 2158 ei
1736 2108 1794 2173 per

147 2178 293 2252 sollicite
306 2206 346 2252 ac
356 2179 534 2270 diligenter
547 2193 588 2252 ad
609 2205 660 2264 ea,
678 2209 751 2269 quae
767 2195 845 2254 sunt
859 2207 943 2253 cone
999 2193 1115 2254 omnia
1136 2208 1196 2254 suo
1212 2192 1313 2254 staturi
1335 2193 1434 2269 atque
1460 2191 1573 2264 tama,
1597 2181 1795 2263 remittendo

146 2289 285 2362 condies,
310 2289 452 2352 unitatis
470 2291 503 2352 et
528 2289 633 2368 pacis
654 2291 733 2350 Cum
747 2305 826 2366 ergo
839 2305 945 2367 nuper
999 2289 1171 2352 infamiam
1186 2295 1334 2360 onlnem,
1358 2291 1391 2352 et
1414 2303 1557 2366 poenam,
1580 2293 1654 2366 quae
1674 2293 1796 2367 secuta

145 2387 239 2447 inter
251 2387 462 2450 carissimum
478 2378 654 2456 inebriato
676 2375 781 2448 tilium
794 2389 943 2450 nostrum
999 2389 1079 2458 sunt
1100 2403 1144 2450 ex
1168 2387 1282 2464 aliqua
1307 2387 1553 2463 praedictorum,
1575 2388 1621 2448 ita
1648 2387 1734 2464 quod
1755 2397 1796 2450 ea
1830 2389 1847 2402 “

146 2479 355 2544 Fridericum
364 2485 845 2562 Romanorumimperatorem
857 2500 944 2554 sem·
1000 2501 1076 2562 quae
1089 2485 1202 2550 medio
1213 2487 1363 2560 tempore
1386 2491 1446 2560 per
1462 2495 1520 2546 eos
1535 2487 1610 2546 acta
1624 2487 1711 2560 sunt,
1728 2501 1796 2549 nou

147 2582 401 2656 perangustum
424 2583 458 2642 et
484 2597 596 2657 regem
622 2583 757 2654 Siciliae,
772 2583 871 2659 atque
885 2597 944 2644 ros
1000 2581 1207 2647 obstantibus
1240 2581 1452 2659 supradictis,
1475 2581 1577 2644 robur
1612 2581 1794 2658 obtineant,

143 2676 316 2742 discordia
331 2679 405 2740 arta
425 2680 528 2753 essen
544 2687 607 2740 nos
623 2679 843 2751 abundantes,
858 2678 943 2756 quod
999 2680 1087 2758 quod
1102 2680 1187 2742 alias
1207 2678 1391 2744 debuerant
1407 2678 1569 2742 obtinere.
1590 2678 1640 2742 Ad
1656 2665 1728 2742 liaeo
1747 2680 1798 2742 ci*-

143 2790 215 2846 res,
244 2774 312 2836 nisi
331 2774 547 2839 absisteretur
566 2776 754 2854 principiis,
771 2776 945 2839 videbatur
998 2777 1130 2848 vitatas,
1154 2777 1228 2840 loca
1249 2777 1283 2840 et
1301 2775 1463 2854 personas
1484 2776 1525 2838 de
1544 2777 1616 2852 ipsa
1638 2777 1796 2843 uniente

142 2872 250 2934 altius
274 2883 505 2948 progressura,
530 2875 563 2935 et
590 2876 711 2950 prater
733 2874 944 2939 diiticultates
999 2875 1140 2952 recipiat
1162 2861 1199 2937 in
1219 2890 1291 2936 suae
1312 2874 1431 2949 gratiae
1447 2873 1685 2950 plenitudinem
1700 2875 1733 2936 et
1746 2876 1796 2936 eis

144 2969 235 3030 alias
249 2969 392 3032 allatura
405 2970 676 3047 impedimentum
687 2972 945 3047 negotiarores
999 2971 1101 3036 iaciat
1112 2971 1240 3035 firmam
1255 2987 1383 3048 pacem,
1398 2959 1588 3047 specialiter
1610 2969 1797 3034 marchioni

145 3066 292 3140 Sanctae,
319 3082 381 3144 pro
396 3083 461 3144 quc
476 3067 527 3130 est
540 3069 632 3130 tanto
652 3065 946 3145 temporetabora-
999 3061 1251 3146 btontisienrati,
1277 3068 1482 3140 Mediolano,
1506 3069 1697 3142 Placentiae,
1711 3072 1796 3132 Ver-

144 3157 231 3236 ium,
257 3163 393 3240 dignum
417 3153 573 3228 daminus
596 3165 808 3242 interponere
834 3167 945 3245 roras
1000 3167 1107 3239 cellis,
1131 3167 1308 3239 Bononiae,
1345 3167 1532 3240 Fauentiae,
1568 3166 1793 3242 Alexandriae,

145 3261 300 3332 nostres,
312 3263 347 3322 et
358 3262 437 3336 igne
452 3261 654 3339 hujusmodi,
665 3265 844 3340 antequam
855 3264 945 3329 vires
1000 3266 1157 3336 Taurino,
1181 3265 1314 3335 Lauda,
1329 3267 1513 3340 bergamo,
1535 3265 1671 3335 Brixia,
1695 3266 1796 3327 blan*

144 3358 395 3434 assumpsisset,
428 3359 588 3432 extincto,
623 3361 781 3436 gravibus
810 3360 945 3425 obviare
1000 3365 1077 3435 tua,
1106 3365 1260 3432 Veronae,
1288 3361 1423 3432 Paduae,
1443 3360 1616 3433 vicentiae,
1632 3362 1794 3434 Tarvisio,

145 3455 321 3530 periculis,
345 3463 419 3532 quaa
443 3456 578 3532 quidem
603 3473 646 3518 ex
669 3457 744 3530 hoc,
773 3457 839 3519 nisi
859 3460 946 3520 tem·-
1000 3461 1138 3530 cremae,
1148 3458 1312 3522 Ferrarius
1324 3457 1358 3520 et
1367 3456 1543 3518 comitibus
1552 3457 1593 3530 de
1603 3457 1795 3530 blandraio,

143 3553 276 3631 postiae
289 3555 530 3626 occurreretur,
545 3555 857 3642 poteranterenire.
871 3555 945 3632 Ipso
1001 3555 1143 3632 aliisque
1164 3553 1261 3624 locis,
1289 3553 1323 3614 et
1349 3553 1504 3630 personis
1527 3552 1728 3630 quibuslibet
1741 3569 1798 3616 so-

145 3649 252 3726 i'gitur
277 3650 478 3726 imperatore
509 3667 548 3712 ac
576 3651 673 3714 robis
703 3653 812 3717 totum
837 3653 946 3729 ipsum
1001 3652 1130 3716 cicutis
1149 3651 1308 3728 1111810111
1323 3646 1439 3716 Faciat
1453 3649 1797 3730 etiamrestituioapff

147 3747 320 3822 negotium
339 3747 376 3808 in
396 3749 524 3820 nostra,
545 3751 580 3812 et
602 3748 742 3812 fratrum
756 3750 946 3813 nostrorum
968 3751 969 3776 ³
1000 3749 1097 3821 nvos,
1121 3747 1178 3825 qui
1202 3749 1281 3810 nunt
1301 3747 1390 3824 capti
1413 3747 1593 3810 occasione
1613 3745 1713 3823 hujus
1728 3746 1800 3817 dise

146 3843 654 3923 providentiaetdispositione,
670 3847 773 3911 libere
789 3847 945 3911 redebeo·e
1000 3846 1141 3919 cordia,
1169 3861 1249 3910 cum
1273 3843 1371 3906 bonis
1401 3859 1529 3918 eorunm,
1554 3851 1594 3906 ac
1617 3843 1695 3916 alia,
1724 3861 1798 3923 quae
1884 3921 1886 3924 ,

145 3940 220 4004 lule
250 3941 461 4018 ponentibus,
489 3942 590 4020 idque
614 3933 864 4006 declarantibus
887 3961 947 4022 per
1001 3945 1177 4007 occasione
1196 3943 1303 4020 ipsius
1321 3942 1499 4012 discordiae
1521 3943 1618 4019 capta
1644 3944 1722 4004 suant
1743 3943 1798 4004 rel

145 4038 292 4110 litteras,
302 4041 334 4100 et
346 4039 478 4116 publica
488 4039 724 4114 instrumenta,
737 4059 798 4104 nec
807 4049 875 4104 non
888 4059 947 4120 per
1000 4042 1436 4118 counraornsnperquoque
1447 4039 1548 4102 iaciat
1560 4035 1633 4100 deri
1646 4040 1797 4116 patentes

146 4135 315 4198 solemnes
336 4139 572 4213 procuratores
594 4142 627 4200 et
645 4139 791 4212 nuntios,
811 4143 947 4218 propter
1000 4139 1129 4206 litteras
1157 4139 1318 4215 exparte
1341 4137 1404 4198 tilii
1429 4137 1493 4206 sui,
1511 4136 1596 4212 qirod
1622 4147 1738 4212 pacem
1765 4137 1799 4196 et

148 4233 214 4293 bec
229 4231 274 4294 ab
293 4234 436 4310 utraque
458 4237 551 4311 parte
567 4236 608 4298 ad
627 4240 776 4301 nostram
792 4247 945 4314 praesen-²
996 4236 1213 4300 concordiam
1228 4236 1326 4306 istam
1340 4234 1448 4296 ratam
1462 4231 1596 4294 habebit
1610 4235 1642 4308 et
1653 4233 1794 4312 firmam,

146 4331 230 4392 tiam
245 4330 890 4404 destinatos,oumintercaeteraiuisset
904 4351 947 4396 ex
1000 4336 1034 4396 et
1058 4333 1205 4396 remittet
1227 4331 1296 4394 lllis
1320 4330 1361 4392 de
1385 4329 1544 4392 societate
1565 4343 1695 4390 omnem
1713 4343 1798 4392 rau·-3

148 4429 245 4504 parte
257 4427 364 4504 ipsius
383 4429 595 4505 imperatoris
615 4433 842 4508 propositum,
859 4432 945 4509 quod
967 4435 968 4438 ’
1000 4443 1123 4502 cerem,
1142 4427 1423 4499 malevolentiam,
1438 4425 1581 4502 injurias
1596 4427 1629 4488 et
1641 4426 1797 4490 offensas

147 4523 348 4600 impediente
383 4517 543 4592 societate
584 4532 725 4602 restra,
751 4530 968 4607 ttequiverat¹
1040 4527 1247 4604 Hiveroqui
1263 4527 1340 4588 sunt
1353 4524 1743 4600 desocietatejamdicta,
1757 4525 1798 4587 ad

143 4623 244 4698 juxta
270 4623 476 4698 propositum
500 4639 596 4686 suum
620 4626 802 4702 procedere
831 4629 946 4696 costra
997 4625 1162 4690 honorem
1199 4623 1259 4688 Dei
1289 4621 1547 4699 omnipotentis,
1580 4623 1613 4682 et
1642 4621 1799 4686 Ecclesiae

147 4718 347 4796 prauitatem
362 4719 568 4794 haereticum,
582 4737 656 4800 quae
676 4725 788 4800 partes
808 4724 888 4790 illas
901 4724 947 4786 di-
1001 4725 1126 4794 sancta
1141 4737 1211 4788 sua
1233 4737 1273 4784 ac
1287 4720 1393 4798 ipsius
1409 4718 1634 4796 imperatoris,
1652 4717 1734 4782 dent
1748 4709 1799 4780 ei-

147 4817 236 4878 citur
256 4817 405 4893 gnaviter
426 4817 593 4893 iniecisse,
612 4835 651 4882 ac
669 4821 826 4884 relevare*
839 4821 945 4884 liber*
1001 4818 1282 4896 1111111111ρ111111011
1298 4833 1358 4895 pro
1373 4815 1524 4880 sudsidio
1540 4819 1652 4880 Terrae
1669 4818 1799 4878 Sanctae

146 4913 251 4988 tatem
265 4913 539 4988 ecclesiasticam,
556 4933 630 4996 quae
649 4917 770 4980 ibidem
786 4917 948 4995 multiplie
997 4917 1202 4995 inexpensis
1215 4915 1365 4994 ejusdem
1377 4913 1549 4978 societatis
1559 4912 1798 4990 perbtenuium

146 5012 235 5072 citer
255 5010 664 5090 asserebaturoppressa,
689 5029 751 5084 nec
765 5031 946 5094 procurare
968 5021 969 5044 ³
1001 5015 1124 5079 milites
1148 5013 1422 5092 quadringentos,
1448 5027 1468 5072 a
1489 5009 1692 5082 civitatibus,
1713 5009 1796 5072 locis

146 5107 335 5170 subsidium
368 5111 481 5172 Terrae
516 5111 658 5184 Sanctae,
697 5114 832 5189 propter
860 5113 969 5190 quod*
999 5115 1036 5174 et
1053 5112 1206 5191 personis
1222 5110 1391 5188 imperiali
1405 5101 1614 5172 excellentiae
1627 5107 1823 5172 adbaerem

143 5205 339 5282 specialiter
365 5207 406 5268 ad
428 5207 540 5284 partes
563 5208 654 5284 ipsas
678 5209 820 5272 duxerat
845 5227 945 5272 aoce-
1000 5210 1100 5282 tibus,
1130 5211 1199 5274 tam
1223 5207 1462 5272 ecclesiasticis
1478 5220 1576 5282 quam
1602 5206 1796 5276 mundaum,

145 5302 303 5374 dendum,
325 5303 478 5381 quodque
494 5305 616 5381 captivi
632 5306 699 5370 siba
714 5309 829 5372 contra
843 5309 947 5385 juset
1002 5308 1126 5370 iaciant
1140 5321 1255 5384 paoem
1276 5307 1308 5366 et
1322 5303 1563 5366 inviolabiliter
1577 5303 1720 5372 servent,
1738 5317 1797 5382 re-

145 5399 310 5460 bonorem
326 5400 460 5476 imperii
476 5401 607 5463 inerant
620 5402 786 5479 denegati,
1001 5405 1169 5466 mittentes
1183 5405 1232 5464 eis
1248 5416 1378 5463 omnem
1392 5414 1576 5468 rancorem,
1595 5397 1799 5458 malevolen-

189 5497 259 5556 Nos
286 5496 338 5556 bis
364 5503 397 5558 et
424 5499 501 5560 aliis
525 5515 598 5576 qnae
620 5499 755 5563 fuerunt
775 5501 947 5563 hincinde
1001 5497 1455 5580 tiam,injuriasetotfensas,
1471 5494 1798 5556 acrevccentomnia

145 5593 331 5671 proposita,
349 5593 485 5670 plenius
501 5596 689 5670 intellectis,
706 5597 746 5658 de
769 5599 948 5674 providen-
1001 5599 1123 5668 banna,
1140 5595 1405 5664 constitutiones
1423 5592 1606 5654 sententias
1620 5592 1654 5652 et
1668 5592 1800 5656 ordina-
