4114 6322
169 368 230 428 173

161 525 346 604 gestaque
356 529 512 603 generale
524 531 714 608 passagium
721 534 772 594 est
783 533 955 608 indictum,

163 624 293 696 valeas,
310 627 378 687 Deo
391 627 485 700 duce,
500 627 643 692 feliciter
653 631 881 704 transfretare,
901 646 959 694 re-

161 725 322 798 cepturus
344 738 387 784 ex
415 724 478 784 lroc
510 726 653 801 gratiam
683 727 718 788 in
744 731 900 804 praesenti
927 729 959 790 et

163 817 307 893 gloriam
333 820 371 880 in
399 821 521 884 tuturo.
547 823 676 884 Dictum
700 827 811 886 autem
832 826 959 902 magis-

162 917 266 988 trum,
283 917 361 989 etc,
380 920 538 992 11111111
557 921 669 994 finem,
692 922 803 984 verbis
825 937 960 1000 compe·-

163 1013 276 1074 tenter
293 1015 440 1076 mutatis.

205 1157 248 1216 ln
278 1160 436 1219 earundem
467 1161 605 1220 anodiam
647 1157 837 1238 lantgravio
867 1159 959 1224 Thu-

163 1251 297 1328 magiae.

516 1449 604 1540 XLI

255 1601 309 1661 Ad
321 1603 615 1675 arehiepiscopum
630 1604 854 1664 oenacensem.

430 1731 460 1789 ll
472 1731 595 1804 januarii
612 1731 690 1790 itii.

299 1854 428 1918 [71111111
439 1856 506 1908 Mon.
522 1855 614 1920 Huug,
631 1855 651 1914 1,
665 1855 704 1914 70,
716 1871 741 1906 1.
754 1855 820 1922 lin]

160 1978 386 2052 archiepiscopo
397 1979 556 2048 colocensi,
569 1985 600 2038 11
614 1979 730 2038 verbum
744 1981 838 2038 111111
850 1981 879 2037 11
896 1995 958 2053 pro·

195 2067 289 2124 vincia
314 2081 365 2124 sue
390 2066 545 2140 praedicare
573 2066 658 2124 saciat
687 2082 721 2124 ac
740 2069 957 2142 crucesignatos

196 2170 296 2212 mense
309 2161 432 2228 augusto
443 2152 669 2212 transfretandos
681 2154 785 2214 foveat.

202 2291 372 2351 Honorius
386 2290 572 2366 episcopus,
597 2290 673 2359 etc„
689 2289 872 2352 venerabili
888 2290 958 2352 lra-

157 2387 242 2448 tri...
258 2387 509 2464 archiepiscopo
523 2387 707 2459 colocensi,
725 2388 877 2460 salutem,
892 2390 954 2450 etc.

198 2485 398 2546 Benedictus
413 2487 513 2557 Deus,
539 2485 596 2564 qui
620 2500 664 2546 en
685 2484 841 2562 hisquae
867 2487 956 2546 mala

157 2581 325 2654 videntur,
343 2582 533 2658 frequenter
546 2581 633 2643 bona
649 2581 807 2658 dignatur
820 2582 954 2655 elicere,

156 2681 279 2756 atquae
300 2679 459 2741 timentur
480 2679 599 2740 cedere
613 2679 655 2740 ad
677 2679 897 2756 dispendium,
914 2679 955 2740 ad

157 2776 391 2854 compendium
414 2791 583 2838 revocare.
619 2778 700 2838 Cum
726 2777 830 2852 igitur
855 2793 956 2854 super

159 2873 337 2946 discordia,
368 2889 441 2950 quae
479 2874 568 2934 inter
604 2873 814 2934 carissimum
850 2874 955 2934 lilium

159 2973 310 3032 nostrum
322 2971 357 3030 p,
373 2973 597 3031 Romanorum
611 2968 844 3046 imperatorem
858 2971 957 3032 illus-

156 3067 241 3130 trem
258 3083 388 3144 semper
407 3069 583 3142 augustum
597 3070 629 3129 et
643 3083 755 3144 regem
772 3067 906 3140 Siciliae,
924 3067 956 3128 et

159 3165 362 3226 Lombardos
379 3166 495 3226 exorta
510 3163 628 3236 luerat,
643 3179 703 3241 per
715 3165 860 3226 studium
875 3181 956 3226 nos-

158 3265 257 3333 trum,
273 3265 385 3323 actore
397 3263 489 3338 pacis
504 3264 571 3323 Deo
587 3263 798 3339 cooperante,
816 3261 955 3323 salubri·

157 3363 210 3422 ter
240 3360 284 3420 sit
314 3359 496 3436 provisum,
524 3361 557 3420 et
582 3359 670 3420 idem
698 3359 880 3436 imperator
913 3359 954 3420 ad

155 3457 439 3520 translretandum
456 3457 490 3518 in
505 3457 644 3519 instanti
659 3459 799 3532 augusto
820 3456 953 3532 magni·
1002 3483 1003 3486 ¹

156 3555 230 3628 ssce,
247 3557 347 3632 prout
361 3555 567 3632 imperialem
592 3555 685 3616 decet
709 3554 952 3624 excellentiam,

157 3669 194 3714 se
216 3653 381 3729 accingat,
396 3652 641 3714 multitudinem
665 3653 800 3712 navium
822 3651 855 3712 et
874 3651 952 3722 alia,

156 3767 232 3828 quae
246 3750 340 3812 tanto
352 3750 485 3826 negotio
500 3750 699 3824 congruunt,
712 3747 954 3809 studiosissime

156 3848 391 3926 praeparando,
418 3848 556 3908 sicuteo
581 3844 678 3908 nobis
705 3861 765 3922 per
788 3845 954 3906 solemnes

156 3945 295 4007 nuntios
319 3948 351 4007 et
372 3945 499 4007 litteras
521 3944 697 4004 intimante
718 3943 869 4003 laetantes
888 3957 953 4003 an·

155 4043 313 4114 divimus,
326 4043 359 4104 et
372 4043 444 4119 ipsa
459 4041 509 4102 rei
532 4040 711 4112 evidentia,
727 4041 825 4117 prout
844 4039 886 4100 ab
900 4039 954 4100 his

156 4141 213 4218 qui
234 4139 399 4211 viderunt,
417 4139 589 4210 asseritur,
610 4138 736 4199 clarius
751 4137 952 4199 manifestat.

157 4239 349 4315 Sperantes,
373 4237 459 4314 quod
482 4239 569 4297 Deus
595 4249 780 4310 exavrrgens
801 4235 954 4312 judicare

156 4333 322 4412 disposuit
336 4349 471 4395 causam
492 4349 597 4405 suam,
614 4335 648 4394 et
668 4332 854 4394 Jerusalem
869 4331 955 4392 sicut

156 4431 274 4493 diebus
316 4431 466 4508 pristinis
510 4429 710 4502 instaurare,
748 4428 951 4500 mandatum,

157 4529 244 4607 quod
259 4529 300 4590 de
324 4527 534 4606 praedicanda
564 4541 663 4588 cruce
687 4525 810 4586 dudum
833 4525 953 4586 assde

155 4625 347 4704 apostolica
360 4625 529 4702 acceptati,
544 4624 700 4684 duximus
712 4622 950 4694 innovandum,

157 4721 399 4786 fraternitatem
413 4724 505 4784 tuam
527 4721 745 4782 sollicitantes
759 4721 793 4781 et
814 4721 954 4780 hortan-

156 4821 207 4882 tes
231 4821 366 4891 attente,
398 4835 437 4880 ac
464 4833 523 4895 per
546 4818 736 4894 apostolica
752 4817 813 4879 tibi
829 4817 951 4893 scripta

156 4917 363 4989 mandantes,
376 4918 538 4993 quatenus
549 4915 707 4992 injunctae
719 4911 778 4976 tibi
791 4913 959 4990 praedica·-

155 5015 257 5078 tionis
271 5014 418 5076 ottlcium
443 5027 602 5074 exerceas
629 5011 794 5079 studiose,
812 5027 951 5088 magnos

158 5116 190 5174 et
205 5127 327 5189 parvos
352 5110 533 5172 secundum
549 5110 659 5171 datam
673 5109 734 5170 tibi
749 5123 769 5169 a
792 5111 860 5170 Deo
874 5123 954 5184 pru-

156 5209 303 5272 dentiam
319 5207 445 5271 sedulis
455 5205 959 5279 111101111111111111111111111λ

157 5307 242 5369 utin
257 5307 395 5368 instanti
408 5306 562 5380 augusto,
581 5319 646 5380 quo
661 5302 954 5379 generalepassa-

155 5405 247 5482 glum
262 5407 313 5466 est
336 5403 507 5474 indictum,
527 5401 723 5478 impendant
745 5416 841 5460 11111
857 5399 953 5461 dictae

155 5503 269 5563 Terrae
294 5501 425 5562 Sanctae
452 5499 636 5560 subsidium
656 5497 762 5558 modis
787 5497 951 5569 omnibns,

156 5594 276 5677 quibus
304 5597 453 5675 possunt.
481 5595 737 5670 crucesignatos
769 5596 889 5666 autem,
917 5595 955 5658 ut

154 5695 334 5762 occasione
351 5693 502 5757 cessante
526 5691 650 5770 inipso
676 5691 832 5769 passagio
856 5693 953 5753 tran-

786 375 1015 438 tirrannum.
1039 377 1118 440 Llss.
1140 381 1196 441 XI.

1759 390 1817 451 174

1012 531 1120 611 seant,¹
1131 537 1314 601 efficaciter
1326 555 1474 614 moneas,
1490 543 1523 604 et
1537 543 1566 604 11
1579 553 1716 607 necesse
1732 529 1808 608 iue-

1012 634 1057 694 rit
1071 649 1130 710 per
1151 649 1326 697 censuram
1346 638 1621 711 eeclesiasticam,
1648 643 1713 702 nisi
1729 647 1812 720 quoi

1012 731 1148 792 evidens
1163 733 1347 795 necessitas
1365 738 1586 809 excusaverit,
1604 738 1733 802 sublato
1750 755 1811 816 ap-

1012 828 1205 903 pellationis
1218 830 1464 906 impedimento,
1480 836 1670 912 compellas.
1688 837 1808 899 Datum

1013 926 1181 998 Laterani,
1194 930 1240 988 ΙΙΙ
1254 928 1327 988 idus
1339 931 1500 1005 januarii,
1518 947 1607 993 anno
1619 933 1806 996 undecimm

1053 1061 1096 1119 In
1117 1063 1275 1122 eltrudem
1289 1065 1428 1123 1111111111
1449 1063 1700 1143 archiepiscopo
1724 1064 1812 1129 Stri-

1012 1155 1176 1232 goniensi,
1206 1158 1361 1236 episeopo
1391 1162 1567 1222 Geuriensi
1595 1165 1628 1224 et
1653 1165 1808 1242 episcopo

1013 1251 1267 1328 Hildesemensi‚
1285 1257 1360 1330 etc,
1378 1255 1440 1319 etc.

1354 1463 1464 1557 XLII

1131 1617 1183 1678 Ad
1198 1619 1396 1692 episcopum
1416 1621 1681 1686 Wlnloncnsem.

1278 1749 1310 1806 13
1321 1748 1445 1822 januarii
1459 1753 1537 1810 lili.

1228 1871 1360 1934 [wilkins
1376 1874 1480 1934 Concil,
1492 1876 1591 1942 11111]

1064 1982 1143 2042 Idem
1153 1995 1355 2059 argumentum
1366 1989 1441 2061 quod
1449 1991 1603 2063 superioris
1616 1995 1752 2065 epistole.

1052 2119 1219 2180 Honorius
1228 2123 1412 2200 episcopua,
1425 2141 1541 2186 servus
1552 2143 1723 2190 servorum
1733 2129 1803 2203 Dei,

1011 2215 1194 2282 venerabili
1210 2219 1305 2280 tratri
1316 2221 1471 2298 episcopo
1485 2223 1708 2299 Wintonensi,
1722 2228 1809 2288 salu-

1011 2309 1075 2374 tem
1092 2315 1124 2376 et
1138 2315 1360 2392 Apostolicam
1372 2317 1647 2381 benedictionem.

1051 2411 1249 2474 Benedictus
1273 2415 1371 2486 Deua,
1400 2416 1439 2476 nt
1471 2421 1509 2478 in
1534 2419 1652 2481 littera
1672 2435 1807 2495 praecc—
1918 2441 1919 2444 ¹

1011 2509 1399 2582 destituaminlinem.
1650 2571 1651 2578 ,

1051 2605 1169 2666 Datum
1182 2607 1349 2680 Laterani,
1367 2607 1441 2668 idus
1452 2611 1613 2686 januarii,
1626 2613 1805 2689 pontifica-

1010 2701 1064 2762 tus
1078 2703 1183 2764 nostri
1199 2717 1286 2770 anno
1300 2703 1486 2766 undecimo.

1342 2919 1472 3007 XLIII

1010 3068 1061 3127 Ad
1070 3069 1362 3142 archiepiscopum
1374 3075 1599 3132 Bremensem
1607 3073 1640 3134 et
1650 3074 1806 3136 abbatem

1302 3167 1515 3229 stadensem.

1269 3297 1303 3354 13
1315 3296 1438 3370 januarii
1462 3297 1540 3356 liii.

1117 3417 1397 3484 [1111111111-11111111111,
1415 3421 1479 3471 laist.
1492 3421 1567 3486 dipl,
1582 3422 1614 3480 II,
1627 3422 1700 3487 lom]

1008 3543 1057 3602 Eis
1070 3543 1196 3601 notificat
1206 3559 1237 3601 sc
1253 3543 1426 3602 Fridericum
1444 3548 1636 3604 111111111111
1648 3547 1808 3617 imperato·

1046 3647 1107 3688 rem
1121 3639 1149 3688 et
1164 3646 1263 3704 regern
1276 3633 1379 3689 Siciliae
1393 3639 1422 3689 et
1436 3633 1497 3706 ejus
1513 3634 1561 3690 dlii
1575 3649 1726 3706 personam
1739 3651 1805 3692 cum

1044 3719 1175 3791 imperio,
1198 3735 1299 3793 regno,
1320 3719 1430 3793 juribus
1451 3729 1479 3778 et
1496 3719 1653 3778 bonoribus
1670 3725 1731 3780 suis
1752 3723 1805 3782 sub
1892 3749 1893 3761 ¹

1043 3806 1121 3864 beati
1135 3809 1209 3865 Petri
1223 3809 1427 3880 protectionem
1438 3811 1595 3883 suscipere.

1049 3943 1216 4004 Honorius
1225 3943 1411 4020 episcopua,
1424 3960 1541 4006 servus
1551 3960 1722 4007 servorum
1732 3943 1803 4019 Dei,

1008 4039 1193 4102 venerabili
1207 4040 1300 4102 tratri
1317 4041 1568 4118 archiepiscopo
1583 4045 1756 4104 Bremensi
1774 4045 1812 4106 et

1009 4137 1131 4199 dilecto
1154 4137 1224 4198 illio
1255 4137 1365 4199 abbati
1401 4137 1565 4210 stadensi,
1595 4140 1737 4200 salutem
1772 4143 1806 4202 et

1008 4235 1231 4311 Apostolicam
1246 4233 1522 4295 benedictionem.

1050 4332 1188 4392 Sincera
1223 4331 1354 4392 devotio
1395 4347 1492 4406 quam
1535 4331 1729 4392 carlssimus
1768 4333 1804 4394 in

1008 4429 1139 4489 Christo
1166 4427 1255 4488 tilius
1286 4427 1400 4488 noster
1432 4427 1633 4499 Frideriens,
1663 4427 1804 4492 illustris

1009 4525 1233 4587 Romanorum
1260 4521 1451 4600 imperator,
1488 4539 1620 4600 semper
1645 4528 1805 4602 augustus

1008 4624 1041 4684 et
1054 4638 1116 4683 rex
1138 4621 1272 4694 Siciliae,
1294 4622 1336 4682 ad
1355 4624 1458 4682 Deum
1485 4622 1519 4682 et
1540 4622 1720 4684 Ecclesiam
1738 4623 1804 4685 ha-

1007 4719 1086 4780 here
1106 4717 1323 4796 dignoscitur,
1352 4733 1412 4779 nos
1439 4719 1575 4789 inducit,
1605 4721 1641 4779 ut
1662 4719 1703 4779 ad
1728 4724 1804 4799 ejus

1007 4817 1282 4894 tranquillitatem
1297 4816 1331 4876 et
1345 4829 1465 4892 pacem
1483 4815 1639 4891 diligenti
1649 4818 1759 4880 1111111
1772 4821 1805 4882 et

1008 4913 1156 4975 studiosa
1170 4912 1346 4987 diligentia
1359 4912 1583 4973 intendamus.
1608 4915 1689 4974 Cum
1702 4913 1805 4990 igitur

1008 5011 1095 5071 idem
1120 5009 1190 5070 zelo
1216 5008 1293 5069 iidel
1313 5021 1353 5069 ac
1378 5007 1565 5070 devotionis
1580 5023 1740 5070 accensus
1761 5011 1803 5071 ad

1008 5105 1239 5169 liberationem
1261 5109 1360 5168 terrae
1385 5107 1508 5182 inqua
1537 5109 1609 5167 Rex
1632 5119 1748 5183 regum
1771 5109 1804 5170 et

1008 5204 1172 5266 Dominus
1189 5203 1430 5265 dominantium
1451 5205 1550 5264 ,lesus
1576 5203 1726 5265 Christus
1744 5219 1805 5280 ge·-

1008 5301 1098 5362 11111
1113 5301 1252 5362 humani
1266 5301 1406 5360 salutem
1426 5299 1581 5374 dignatus
1603 5301 1654 5361 est
1672 5301 1806 5362 miseri·

1008 5398 1153 5460 corditer
1163 5395 1306 5474 operari,
1321 5397 1483 5471 potenter,
1498 5395 1584 5457 sicut
1596 5397 1803 5472 imperialem

1008 5493 1804 5569 decetmagnificentiam,seaccingat,nosuttam

1008 5593 1099 5669 pium
1118 5589 1150 5652 et
1164 5589 1298 5651 salubre
1320 5589 1524 5665 propositum
1551 5589 1671 5649 melius
1696 5591 1806 5655 valeat

1008 5689 1200 5767 adimplere,
1213 5687 1348 5748 suamet
1359 5685 1479 5747 flliisui
1489 5699 1652 5763 personas
1663 5690 1806 5751 cumim-
