4174 6324
132 349 183 410 85

133 507 934 588 piscoponaroonensr,snuemetnpostoncam

132 605 417 670 benedictionem.

178 706 286 766 iustis
313 706 506 782 petentium,
534 703 609 776 ete,
634 719 741 779 rosque
766 703 931 774 inclinati,

133 801 288 862 decimas
315 817 398 878 quas
419 802 514 864 bonae
533 801 702 864 memoriae
723 806 774 874 A„
797 801 932 863 Narbo-

132 899 255 960 nensis
284 899 565 976 archiepiscopus,
595 900 820 976 praedeeessor
842 898 932 965 tuus,

132 997 383 1058 interveniente
397 997 594 1060 auctoritate
605 997 789 1073 legatorum
799 996 935 1072 Aposto-

134 1093 216 1156 licae
232 1093 329 1154 Sedis
344 1094 378 1154 in
389 1093 601 1156 Narbonensi
629 1093 780 1166 dioecesi,
798 1092 932 1154 Narbo-

134 1194 257 1251 nensis
280 1191 431 1252 eeclesiae
457 1191 636 1268 acquisivit
657 1190 729 1262 tibi,
752 1205 791 1252 ac
815 1205 874 1267 per
900 1192 934 1250 te

135 1287 390 1350 suecessoribus
402 1287 480 1361 tuis,
493 1288 579 1352 sicut
593 1303 651 1350 eas
659 1289 760 1365 juste,
773 1287 932 1349 canonice

134 1385 269 1448 obtines
301 1385 335 1448 et
365 1385 485 1462 quiete,
515 1386 713 1448 auctoritate
743 1385 933 1462 Apostolica

134 1483 387 1555 confirmamus,
417 1485 450 1544 et
475 1483 649 1560 praesentis
673 1483 788 1560 scripti
816 1483 931 1559 patre-

134 1581 229 1641 cinio
254 1581 506 1643 communimus.
534 1581 627 1643 Nulli
643 1595 733 1656 ergo,
754 1581 829 1652 etc,
846 1580 934 1640 hanc

134 1678 295 1754 pagiuam
345 1679 466 1740 nostrae
510 1677 772 1740 confirmationis
810 1677 933 1738 inirin-

135 1789 230 1850 gere,
246 1775 309 1836 etc.
327 1775 447 1852 Siquis
469 1778 592 1848 autem,
609 1776 672 1837 etc.
695 1777 815 1836 Datrrm
834 1775 934 1836 Late-

134 1873 225 1944 rani,
241 1873 317 1932 XIV
331 1871 493 1934 kalendas
502 1871 602 1950 junii,
619 1872 862 1934 nonodecimo.

459 2133 612 2219 CXLVI

135 2286 190 2344 Ad
210 2285 414 2356 Benlaunoi,
434 2285 553 2346 Saractt
567 2285 688 2360 Artqcti
706 2285 928 2356 cardinalem,

403 2383 442 2442 A.
456 2384 491 2443 S·
507 2379 667 2457 leaatnm.

426 2512 459 2568 19
479 2511 546 2570 maii
564 2511 642 2570 1226.

169 2635 304 2700 [bouquet
313 2636 371 2686 Rae.
383 2634 427 2684 des
438 2635 512 2694 ilict..
523 2636 591 2696 xlx,
607 2633 660 2686 tii.
681 2636 790 2698 aegest,
808 2633 855 2684 lib.
867 2633 899 2694 X,

463 2723 536 2788 episi.
547 2723 614 2787 aaa]

137 2829 229 2898 Quom
240 2829 277 2886 de
291 2830 380 2888 reteri
391 2830 530 2902 primatiae
541 2829 605 2902 juro
622 2828 790 2888 bituricensi
803 2827 932 2886 ecclesiae

174 2926 284 2976 asserto
296 2918 384 2990 jurgii
398 2933 516 2976 eausam
533 2919 639 2990 sepius
655 2919 815 2990 agitaverat
831 2915 933 2976 Burde-

173 3001 302 3074 gatensis
328 3003 568 3076 archiepiscopus,
601 3017 743 3076 quumque
776 3001 932 3058 novissime

174 3093 314 3160 bernano,
340 3093 511 3164 Apostolica
533 3091 614 3148 Sedis
634 3093 739 3164 legate,
764 3089 931 3162 quantocius

173 3179 230 3236 iioe
254 3177 463 3236 terminandum
482 3180 665 3236 commiserat
684 3179 835 3247 Honorius,
850 3193 928 3234 eam·

172 3265 237 3324 dem
253 3283 329 3324 nunc
344 3283 417 3324 nova
441 3267 647 3339 disceptatione
662 3265 839 3324 tractandam
855 3265 931 3324 idem

172 3355 302 3413 Pontifex
315 3356 450 3413 decernit.

176 3492 344 3554 Honorius
382 3493 608 3570 episcopus...,
644 3489 763 3554 dilecto
792 3491 862 3552 tilio
889 3493 928 3551 R.

139 3590 253 3652 Sancti
273 3590 393 3666 angeli
414 3590 555 3651 diacone
579 3587 754 3658 cardinali,
778 3590 815 3648 A.
832 3589 864 3648 S.
881 3587 931 3648 le-

137 3691 225 3763 gato,
241 3688 393 3760 salutem,
410 3687 472 3748 etc.

176 3786 270 3846 Licet
284 3801 303 3844 a
317 3785 505 3860 cognitione
520 3798 630 3844 causae
644 3798 716 3858 quae
730 3782 819 3842 iuter
829 3795 931 3842 rene-

135 3881 259 3942 rabiles
270 3881 389 3942 iratres
401 3882 531 3942 nostres
545 3879 786 3940 Bituricensem
801 3874 928 3955 [direl-

137 3979 214 4038 dum
227 3979 267 4039 de
279 3976 374 4057 Gros]
387 3979 420 4040 et
437 3977 684 4052 Burdegalense
704 3973 928 4053 [Guillelmum

135 4075 309 4154 Amaneri]
350 4075 617 4151 archiepiscopos
629 4088 728 4150 super
742 4071 929 4133 turbatione

136 4173 358 4250 possessionis
377 4171 552 4248 prtmadae,
576 4187 614 4231 ae
635 4168 831 4246 quibusdam
853 4167 928 4228 aliis

136 4271 288 4342 uertitur,
305 4269 430 4330 anobis
445 4267 506 4329 tibi
519 4267 705 4337 commissa,
717 4281 801 4342 quae,
819 4281 930 4342 quam·

136 4369 186 4430 ris
203 4384 222 4428 a
238 4367 346 4442 longis
367 4367 456 4427 retro
478 4363 682 4441 temporibus
706 4361 841 4423 tractari
857 4379 928 4422 coe-

765 349 994 414 nassenn.
1017 350 1097 412 nra.
1120 349 1161 410 x
1741 353 1781 426 qa

989 509 1086 571 lustri
1100 505 1254 585 primitus
1269 507 1457 585 procurata,
1483 510 1517 574 et
1532 507 1599 572 sibi
1610 509 1710 573 etiam
1723 525 1787 588 per

989 607 1136 684 ejusdem
1155 607 1245 682 regis
1259 605 1388 668 litteras
1406 607 1618 680 demandata,
1634 608 1786 686 partibus

988 705 1029 765 ad
1057 705 1168 766 lecum
1194 704 1350 780 adquam
1371 721 1445 766 cum
1461 706 1531 766 suis
1546 706 1706 767 accedere
1723 722 1784 766 se·

988 817 1068 864 cure
1082 802 1226 873 valeant,
1241 802 1445 872 convocatis,
1462 818 1519 862 eas
1532 803 1573 863 ad
1589 803 1680 864 litem
1693 802 1786 864 dum·

987 900 1082 961 taxat
1096 899 1131 959 in
1145 900 1202 960 tua
1215 900 1395 975 praesentia
1409 899 1482 959 sine
1492 915 1593 960 morae
1609 900 1783 975 dispendio

987 995 1134 1071 legitime
1156 995 1416 1068 contestandam,
1433 995 1563 1057 sublate
1582 997 1782 1072 appellatio-

987 1093 1039 1154 nis
1076 1092 1258 1164 obstaculo,
1293 1109 1358 1170 qua
1393 1093 1550 1154 convenit
1575 1093 1783 1156 districtione

987 1190 1184 1266 compellas;
1208 1190 1426 1251 nibilominus
1453 1192 1632 1266 injungens
1657 1191 1782 1252 eisdem

987 1289 1024 1348 ut
1051 1287 1253 1350 conveniant
1276 1289 1311 1348 in
1335 1289 1447 1364 aliquo
1475 1289 1531 1364 qui
1558 1288 1598 1350 de
1626 1288 1782 1350 mandate

986 1387 1055 1456 tuo,
1076 1384 1273 1446 anctoritate
1296 1385 1421 1456 nostra,
1443 1385 1544 1446 testes
1567 1401 1650 1462 quos
1669 1387 1782 1462 partes

987 1481 1144 1543 duxerint
1159 1481 1389 1558 producendos
1410 1483 1550 1559 recipiat
1564 1485 1596 1544 et
1614 1483 1782 1547 examinet

988 1576 1174 1652 diligenter,
1191 1593 1230 1638 ac
1240 1578 1464 1654 depositiones
1473 1594 1588 1638 eorum
1599 1578 1633 1638 in
1647 1578 1781 1656 scriptis

986 1674 1138 1736 redactas
1149 1674 1209 1734 sub
1223 1675 1293 1734 suis
1308 1675 1427 1749 sigillis
1442 1675 1484 1734 ad
1497 1676 1696 1751 Apostolica
1713 1678 1778 1738 Se-

987 1771 1037 1831 dis
1061 1771 1208 1833 remittat
1231 1787 1382 1832 examen.
1419 1773 1543 1843 Testes,
1575 1773 1637 1833 etc.
1663 1773 1782 1833 Datum

986 1869 1154 1940 Laterani,
1169 1871 1244 1930 XIV
1258 1867 1419 1930 kalendas
1428 1869 1529 1946 junii,
1547 1884 1634 1930 anno
1647 1869 1782 1946 pontili-

987 1971 1080 2028 catus
1094 1967 1200 2028 nostri
1224 1965 1362 2026 decimo.

1298 2243 1472 2328 CXLVII

986 2395 1038 2454 Ad
1052 2394 1294 2468 patriarcham
1316 2395 1528 2453 Gradensenc
1542 2392 1576 2453 et
1593 2393 1782 2465 capitatam

1266 2491 1507 2555 Casteltananr.

1280 2629 1315 2686 20
1328 2629 1399 2686 maii
1413 2629 1491 2686 iiio.

1172 2757 1290 2825 [Uahallb
1305 2761 1361 2811 ital.
1373 2775 1453 2820 sacra,
1466 2761 1497 2821 V,
1512 2759 1595 2825 im]
1671 2721 1678 2726 -

985 2883 1102 2942 Mandat
1115 2891 1146 2940 ut
1162 2886 1253 2941 vocati
1268 2884 1304 2941 ad
1316 2886 1452 2957 exequias
1464 2884 1602 2942 accedant
1614 2883 1649 2941 ad
1664 2899 1777 2942 monas·

1012 2971 1114 3029 terium
1130 2973 1157 3030 S.
1170 2971 1286 3046 Georgii
1301 2979 1330 3030 et
1342 2973 1405 3030 aliis
1420 2973 1556 3030 accedere
1572 2973 1746 3045 permittant.

1025 3108 1386 3184 Honoriusepiseepus,
1397 3123 1514 3170 servus
1525 3109 1776 3182 servorumDel,

985 3205 1169 3267 venerabili
1191 3205 1287 3266 fratri
1315 3205 1515 3282 patriarche
1547 3205 1720 3278 (badensi,
1746 3206 1780 3267 et
1828 3262 1835 3282 ,

985 3303 1115 3364 dilectis
1139 3302 1219 3361 tiliis
1241 3302 1386 3378 capitulo
1409 3303 1610 3376 castellano,
1636 3303 1777 3365 salutem

985 3401 1018 3462 et
1037 3398 1261 3475 Apostolieam
1283 3397 1557 3468 benedictionem.

1024 3495 1157 3556 Debetis
1192 3495 1266 3558 ioca
1296 3495 1456 3570 religiosa
1484 3495 1635 3570 diligere,
1671 3495 1705 3558 et
1737 3511 1779 3556 ea

984 3593 1140 3663 maxime,
1153 3607 1225 3667 quae
1246 3591 1285 3652 ad
1303 3595 1486 3653 Romanam
1507 3591 1689 3652 Ecclesiam
1704 3606 1780 3653 nos-

985 3691 1104 3750 cuntur
1131 3689 1322 3764 specialiter
1348 3689 1525 3765 pertinere.
1559 3689 1776 3766 conqueren-

984 3785 1072 3848 tibus
1088 3801 1169 3846 sane
1182 3785 1312 3846 dilectis
1327 3785 1406 3844 tiliis
1421 3785 1550 3857 abbate,
1565 3787 1598 3847 et
1612 3786 1778 3848 conventu

984 3879 1179 3941 monasterii
1195 3881 1228 3940 S.
1249 3879 1383 3956 Georgii
1405 3879 1542 3956 majoris
1559 3880 1600 3940 de
1614 3880 1775 3952 venetiis,

984 3976 1079 4038 nobis
1102 3976 1266 4049 innotuit,
1296 3977 1381 4053 quod
1412 3993 1486 4038 curn
1514 3992 1574 4038 vos
1600 3993 1705 4055 usque
1733 3978 1775 4039 ad

983 4073 1133 4149 tempus,
1164 4089 1228 4150 quo
1257 4073 1462 4135 declaratum
1496 4073 1558 4134 luit
1582 4074 1777 4150 praedictum

983 4171 1221 4246 monasterium
1236 4171 1393 4232 Ecclesia
1414 4173 1572 4232 Romanae
1586 4171 1777 4231 immediate

984 4267 1054 4328 iore
1067 4267 1261 4344 subjectum,
1277 4267 1516 4330 consueveritis
1527 4265 1568 4328 ad
1584 4265 1666 4328 illud
1679 4282 1777 4327 acce-

984 4363 1112 4435 cedere,
1140 4363 1181 4424 ad
1204 4365 1381 4440 exsequias
1403 4363 1614 4424 morlentium
1642 4363 1775 4424 invitati

135 4465 222 4541 perit
236 4463 295 4544 (1),
312 4463 458 4524 nondum
470 4464 581 4523 tamen
597 4461 703 4536 potnit
716 4475 820 4536 usque
834 4459 874 4519 ad
892 4459 930 4518 li·
983 4460 1189 4538 postmodum
1216 4461 1312 4536 quasi
1343 4475 1386 4520 ex
1409 4459 1633 4520 declaratione
1656 4459 1776 4537 hujus·-

135 4563 178 4624 tis
207 4561 481 4624 contestationem
508 4557 655 4635 perduci,
688 4573 729 4618 ne
755 4555 929 4618 occasione
983 4557 1072 4620 modi
1086 4573 1260 4618 rancorem
1285 4557 1501 4634 conceperitis
1522 4571 1603 4632 erga
1624 4573 1692 4629 eos,
1718 4557 1774 4620 ri-

135 4659 326 4734 hujusmodi
337 4661 449 4733 tepere
462 4657 550 4717 circa
560 4653 824 4731 prosecutionem
835 4653 930 4729 prin·
983 4655 1104 4718 delicet
1127 4655 1302 4731 praelatum
1324 4655 1564 4716 monasterinm
1598 4654 1775 4716 deterioris

135 4755 254 4834 cipalis
269 4754 394 4831 negotii
416 4752 593 4830 cogereris,
615 4751 762 4813 eximere
775 4751 808 4811 te
828 4749 929 4811 velle
983 4753 1184 4814 conditionis
1208 4767 1282 4813 esse
1306 4751 1435 4824 debeat,
1455 4769 1515 4830 pro
1539 4767 1590 4824 eo,
1616 4751 1702 4828 quod
1724 4753 1776 4814 est

133 4871 226 4927 mus;
243 4854 320 4930 quia
339 4853 451 4914 tamer
465 4851 575 4926 partes
590 4849 626 4910 in
643 4849 705 4910 hoc
720 4847 761 4908 ad
777 4847 928 4908 ultimum
984 4849 1293 4926 sedisapostolicae
1314 4849 1470 4926 speciale,
1486 4863 1593 4926 neque
1612 4865 1672 4912 vos
1694 4847 1775 4910 illue

134 4951 375 5022 convenerunt,
390 4950 492 5010 utens
505 4947 546 5008 ad
561 4949 594 5008 te
605 4947 775 5008 remittere
789 4944 928 5005 debere-
983 4961 1044 5022 pre
1071 4945 1240 5020 exsequiis
1267 4943 1496 5005 detunctorum
1516 4945 1687 5016 acceditis,
1711 4960 1774 5005 nec

133 5065 219 5120 mus,
237 5045 430 5110 discretioni
443 5048 508 5108 tuae
528 5061 587 5122 per
600 5043 787 5122 Apostolica
804 5041 927 5120 scripta
983 5042 1031 5102 ire
1055 5041 1142 5102 alios
1169 5040 1343 5102 sustinetis
1364 5043 1479 5104 centra
1500 5041 1771 5103 consuetudinem

133 5147 342 5216 mandamus,
372 5145 545 5220 quatenus,
579 5141 757 5202 securitate
787 5155 928 5214 regnum
982 5139 1173 5215 antiquam,
1199 5137 1232 5200 et
1248 5130 1464 5200 'observatam
1491 5139 1676 5211 hactenus,
1712 5155 1772 5214 pro

132 5243 280 5306 intrandi
296 5245 328 5303 et
343 5243 377 5301 in
391 5257 429 5302 eo
445 5240 535 5300 licite
551 5237 774 5299 commorandi
790 5235 927 5314 praelato
982 5238 1092 5297 vestre
1116 5235 1255 5296 arbitrio
1279 5236 1443 5297 veniendo
1468 5236 1502 5295 in
1527 5251 1593 5295 non
1608 5236 1771 5296 modicam

132 5339 371 5416 Burdegalensi
391 5335 641 5414 archiepiscopo
662 5333 870 5395 acarissime
892 5333 927 5393 in
982 5333 1151 5410 injuriam,
1169 5334 1202 5393 et
1220 5349 1322 5408 grave
1344 5331 1553 5410 dispendium
1577 5333 1772 5394 monosterii

133 5440 265 5500 Christo
292 5437 361 5496 tilio
388 5437 501 5496 nostro
517 5436 553 5494 L.
570 5447 648 5508 rege
666 5435 870 5493 Francorum
884 5431 928 5490 il·
982 5430 1167 5492 memorati.
1180 5432 1259 5489 Cum
1271 5430 1380 5490 autem
1395 5431 1509 5490 nostra
1524 5430 1655 5492 intersit
1667 5429 1772 5505 ipsius

131 5593 395 5726 1·b(¹·)1qutq¹¹qid33¹q
413 5591 514 5652 eodem
529 5591 565 5651 de
582 5591 698 5667 negotio
717 5599 812 5649 aetum
834 5587 885 5647 luit
904 5587 975 5646 alias
992 5590 1020 5645 in
1037 5589 1165 5662 epistolis
1185 5587 1248 5645 libri
1263 5589 1339 5655 Vlil,
1356 5588 1408 5645 eol.
1426 5587 1557 5658 tii-tib,
1575 5594 1603 5644 et
1617 5585 1773 5642 nouissimo

144 5685 195 5725 in
252 5681 325 5737 ,co.
397 5708 404 5722 .
