4174 6324
898 329 1074 391 HONORII
1098 331 1142 390 lli
1164 330 1312 391 OPERA.

595 495 759 584 LXVHI

330 649 382 708 Act
396 649 565 708 1111111111
578 647 611 707 ct
625 647 813 720 copttulum
829 649 1022 708 wecenses.

561 775 712 848 ljanuarii
729 777 807 833 1226.

307 900 428 964 [aegest.
443 899 488 948 lib.
500 899 532 958 X,
543 899 617 962 epist.
634 899 687 948 lto.
704 899 760 948 llss.
776 899 812 949 La
822 898 898 948 Porta
908 899 943 948 du
954 898 1048 963 Thali]

280 1025 412 1096 Praecipit
424 1025 476 1092 cis,
492 1031 522 1080 ul
535 1038 591 1080 non
610 1022 741 1079 obstante
758 1021 935 1096 indulgentia
952 1022 1074 1094 quedam

316 1113 444 1169 ecclesiae
466 1113 598 1168 Trecensi
616 1127 763 1180 concessa,
785 1112 967 1169 Valerianum
988 1113 1071 1170 cleri·

316 1216 392 1270 curn,
414 1214 584 1272 germanum
603 1199 707 1272 judicis
730 1201 828 1256 llorici
852 1201 923 1256 civis
942 1202 1073 1270 Romani,

317 1290 347 1346 in
362 1291 530 1346 canonicum
544 1297 571 1344 et
588 1287 702 1344 lralrcm
718 1289 865 1361 recipiant.
949 1338 957 1360 ,,
1017 1330 1023 1344 ,

321 1415 489 1478 Honorius
527 1415 714 1492 episcopus,
749 1429 866 1474 servus
903 1429 957 1486 ser
980 1431 1074 1474 orum

279 1513 352 1585 Dei,
369 1513 498 1574 dilectis
513 1511 628 1571 liliis...
645 1511 781 1582 decano,
796 1511 830 1574 et
842 1512 986 1588 capitulo
999 1513 1076 1572 Tre·

281 1610 385 1682 censi,
420 1609 561 1670 salutem
596 1609 629 1670 et
660 1609 883 1685 Apostolicam
913 1609 1074 1669 benedic-

281 1708 417 1770 tionem.
909 1717 915 1726 ·

321 1807 402 1864 Cum
417 1804 496 1864 olim
510 1802 695 1864 venerabili
711 1803 806 1864 fratri
827 1803 978 1864 nostro...
1002 1803 1075 1880 epi-

281 1917 382 1978 scopo
411 1901 567 1961 Trecensi
595 1901 628 1961 ei
654 1899 748 1962 robis
772 1899 1014 1976 scripserimus,
1040 1901 1076 1960 ut

280 2015 341 2060 vos
357 1997 512 2058 dilectum
538 1997 642 2056 iillum
664 1997 878 2056 Valerianum
903 1997 1072 2068 clericum,

280 2111 475 2172 germanum
496 2093 617 2154 nobilis
634 2093 699 2154 viri
715 2095 838 2169 jndicis
856 2094 973 2154 Morici
992 2094 1074 2155 civis

280 2191 421 2253 Romani
448 2207 508 2266 pro
534 2191 649 2250 nostra
675 2191 708 2250 et
732 2191 889 2250 Ecclesiae
916 2193 1073 2250 Romanae

278 2288 478 2360 reverentia,
499 2288 692 2362 reciperetis
713 2287 747 2347 in
767 2287 964 2348 canonicum
986 2290 1018 2348 et
1039 2288 1073 2348 in

277 2387 427 2456 fratrem,
444 2386 477 2446 et
491 2385 576 2444 idem
595 2385 768 2460 episcopus
787 2385 952 2446 conferret
967 2385 1000 2446 et
1013 2399 1072 2445 as-

279 2485 428 2560 signaret
442 2481 506 2542 sibi
521 2481 743 2559 praebendam,
761 2483 790 2541 si
805 2499 869 2558 qua
882 2483 917 2542 in
931 2483 1073 2543 ecclesia

278 2585 391 2645 restra
407 2580 543 2642 vacaret
562 2579 603 2639 ad
624 2595 782 2655 praesens,
803 2581 856 2639 rel
878 2579 1072 2655 quantocius

279 2679 509 2755 opportunitas
532 2693 567 2736 se
590 2676 737 2748 offerret,
753 2676 958 2751 indulgentia
975 2693 1072 2752 quam

278 2776 319 2837 de
338 2791 404 2836 non
419 2773 622 2852 providendo
642 2774 718 2833 aliis
738 2789 758 2834 a
781 2773 864 2834 Sede
884 2773 1072 2849 Apostolica

278 2873 461 2936 obtinuisse
480 2871 603 2932 dicitur
617 2871 733 2931 eadem
753 2871 894 2932 ecclesia
909 2887 976 2930 non
996 2870 1073 2930 obs-

277 2971 380 3042 tante,
408 2967 565 3046 praelatus
592 2969 766 3045 episcopus
788 2967 1008 3046 personaliter
1031 2968 1072 3028 ad

278 3067 491 3145 praesentiam
506 3067 653 3128 nostram
667 3065 827 3126 accedens
846 3081 946 3141 snper
961 3065 1073 3142 provi-

278 3166 373 3226 sione
398 3163 511 3225 clerici
540 3163 721 3239 supradicti
746 3161 917 3223 humiliter
939 3163 1072 3223 tandem

277 3264 313 3323 in
333 3263 426 3338 parte
445 3261 556 3338 paruit
580 3261 702 3320 nostrae
724 3257 931 3334 beneplacito
952 3259 1072 3320 volun-

276 3359 367 3431 taus,
389 3357 555 3419 concessis
576 3357 682 3417 eidem
701 3356 821 3417 litteris
841 3357 921 3427 suis,
947 3357 981 3416 in
998 3357 1072 3434 qui-

276 3457 338 3518 hus
358 3457 463 3517 forma
483 3455 684 3532 provisionis
706 3455 811 3530 ipsius
836 3453 950 3514 clerici
965 3454 1073 3514 conti-

277 3557 386 3626 netur,
400 3570 498 3630 quam
510 3552 706 3614 auctoritate
716 3551 905 3628 Apostolica
916 3551 1071 3612 duximus

278 3649 549 3713 confirmandam.
563 3649 723 3719 Quocirca
735 3649 985 3710 universitatem
996 3665 1073 3710 res·

276 3749 363 3810 tram
393 3761 565 3809 monemus
592 3760 663 3821 per.
680 3745 800 3805 iterata
827 3745 921 3806 vobis
949 3745 1072 3822 scripta

277 3843 502 3923 praecipiendo
515 3841 721 3913 mandantes,
739 3843 899 3918 quatenus
915 3857 981 3904 non
995 3841 1074 3902 obs-

277 3943 370 4004 tante
395 3939 602 4016 indulgentia
631 3940 826 4011 memorata,
856 3954 955 4016 quam
987 3939 1072 4000 alias

277 4039 373 4101 vobis
387 4038 540 4100 volumus
555 4049 628 4096 esse
644 4034 781 4106 salvam,
796 4037 1072 4112 praenominatum

278 4136 438 4199 clericum
460 4134 494 4194 in
519 4133 654 4193 fratrem
675 4133 708 4192 et
726 4133 923 4194 canonicum
946 4133 1071 4195 admit·

278 4234 368 4305 tatis,
392 4232 509 4292 nuntio
534 4246 594 4290 sno
617 4229 764 4306 ejusdem
789 4229 901 4290 clerici
924 4230 1069 4304 nomine,

280 4331 412 4394 stallum
432 4331 467 4390 in
485 4327 598 4400 choro,
615 4329 647 4388 et
661 4327 769 4387 locum
790 4326 825 4387 in
848 4327 992 4404 capitulo
1015 4343 1073 4388 as-

278 4428 467 4503 signando:
493 4425 649 4501 Alioquin
670 4424 799 4485 dilectis
821 4425 937 4486 liliis...
960 4425 1071 4487 abbati

280 4525 410 4586 Sanctae
442 4521 627 4592 Genovelrc,
656 4523 688 4581 ei
715 4521 950 4582 archidiacono
975 4524 1072 4583 Pari-

1464 497 1588 584 LXXX

1129 649 1181 708 Ad
1194 649 1348 710 abbatem
1362 649 1396 708 ct
1409 648 1613 708 conventum
1624 648 1742 708 Sarrctt
1756 649 1924 722 Amnlprt

1437 745 1612 806 Maiensis.

1402 874 1552 946 ljanuarii
1569 875 1647 932 liro.

1271 995 1437 1062 [Tabouillot,
1452 997 1515 1048 llisl.
1529 998 1559 1047 de
1570 1000 1642 1056 blein,
1657 997 1698 1056 lll,
1716 997 1782 1062 186]

1262 1129 1408 1199 Quoddam
1422 1137 1557 1190 statutum
1572 1132 1615 1188 eis
1629 1132 1786 1189 confirmat.

1125 1303 1133 1327 .
1169 1274 1528 1351 Honoriusepiscopus,
1542 1281 1658 1336 servus
1668 1290 1838 1336 servorum
1850 1276 1920 1348 Dei,

1130 1369 1257 1430 dilectis
1273 1371 1350 1430 liliis
1365 1371 1476 1432 abbati
1489 1375 1522 1432 et
1537 1373 1715 1432 conventui
1731 1371 1844 1432 Sancti
1858 1375 1924 1432 Ar-

1130 1451 1246 1542 nulphi
1273 1467 1441 1540 metensis,
1470 1467 1668 1530 salutemet
1699 1468 1922 1544 Apostolicam

1129 1565 1402 1625 benedictionem.

1170 1662 1254 1734 Quia
1276 1661 1515 1738 providendum
1536 1662 1585 1724 est
1609 1662 1760 1723 ecclesiis
1781 1663 1822 1723 de
1845 1678 1923 1740 per-

1130 1759 1233 1829 sonis,
1257 1775 1316 1834 per
1335 1774 1416 1834 quas
1436 1761 1503 1820 Deo
1527 1759 1562 1819 in
1582 1759 1704 1820 divinis
1724 1759 1841 1820 officiis
1863 1775 1922 1836 per

1130 1855 1375 1916 ecclesiasticos
1403 1856 1536 1916 ordines
1570 1871 1715 1931 congrue
1743 1856 1919 1928 serviatur,

1130 1951 1368 2014 deliberatione
1387 1953 1525 2029 provida
1544 1953 1717 2024 statuistis,
1741 1955 1777 2014 ut
1798 1953 1918 2025 dicitis,

1130 2051 1165 2110 ut
1179 2066 1265 2120 cum,
1285 2066 1345 2126 per
1359 2051 1611 2126 impressionem
1628 2051 1791 2122 laicalem,
1809 2050 1920 2126 plures

1129 2147 1232 2206 laicos
1248 2147 1282 2206 in
1298 2147 1499 2208 monasterio
1521 2149 1632 2208 vestro
1653 2147 1848 2224 reciperetis
1868 2147 1922 2206 in-

1129 2243 1199 2314 viti,
1221 2243 1304 2303 nulli
1326 2244 1367 2304 de
1389 2245 1508 2304 caetero
1530 2243 1565 2304 in
1580 2245 1716 2304 tonsura
1731 2244 1785 2304 vel
1804 2243 1920 2304 habitu

1128 2339 1240 2400 laicali
1253 2341 1459 2418 recipiantur
1469 2340 1605 2414 ibidem3
1620 2357 1681 2400 nec
1692 2339 1780 2400 inira
1791 2356 1922 2400 monas·

1127 2437 1258 2508 terium,
1273 2438 1325 2498 vel
1341 2437 1445 2510 extra,
1467 2437 1589 2498 talibus
1609 2438 1839 2498 ministrentur
1854 2437 1918 2498 sii-

1128 2535 1248 2612 pendia
1260 2535 1507 2595 monachorum.
1520 2537 1589 2596 Nos
1600 2535 1703 2610 igitur
1712 2535 1832 2596 vestris
1846 2551 1921 2610 sup·

1128 2632 1362 2708 plicationihns
1373 2631 1535 2702 inclinati,
1550 2632 1635 2708 quod
1647 2645 1666 2690 a
1677 2631 1771 2691 vobis
1781 2629 1919 2708 provide

1128 2743 1166 2787 ac
1181 2728 1308 2788 utiliter
1321 2727 1444 2787 iactum
1465 2729 1524 2797 est,
1542 2727 1577 2786 in
1599 2727 1661 2787 hac
1681 2729 1785 2802 parte,
1805 2727 1921 2786 aucto·

1127 2825 1225 2886 ritate
1240 2825 1429 2901 Apostolica
1440 2825 1684 2894 confirmamus,
1701 2826 1734 2884 et
1746 2823 1918 2899 praesentis

1128 2923 1244 2998 scripti
1258 2919 1443 2999 patrocinio
1459 2921 1710 2984 communimus.
1727 2920 1819 2981 Nulli
1838 2935 1919 2996 ergo

1127 3021 1261 3080 omnino
1274 3019 1445 3080 hominum
1458 3019 1558 3080 liceat
1570 3019 1655 3078 lianc
1670 3018 1825 3094 paginam
1840 3034 1920 3078 nos-

1127 3119 1186 3178 trre
1208 3115 1469 3177 confirmationis
1490 3115 1681 3192 intringere,
1704 3115 1757 3176 vel
1780 3115 1811 3178 ei
1834 3131 1918 3175 ausu

1126 3215 1303 3274 temerario
1316 3214 1495 3274 contraire.
1513 3213 1547 3273 Si
1568 3213 1640 3288 quis
1660 3215 1769 3272 autem
1785 3211 1847 3273 hoc
1862 3211 1917 3272 at-

1127 3311 1253 3372 tentare
1277 3310 1536 3386 praesumpserit,
1564 3309 1825 3384 indignationem
1847 3325 1919 3370 orn-

1126 3408 1304 3484 nipotentis
1329 3408 1389 3468 Dei
1413 3409 1446 3468 et
1466 3407 1637 3468 beatorum
1658 3407 1746 3468 Petri
1768 3408 1801 3468 et
1822 3405 1918 3466 Pauli

1126 3505 1356 3581 Apostolorum
1381 3508 1452 3582 ejus
1474 3520 1510 3564 se
1538 3487 1668 3565 noverit
1693 3503 1916 3564 incursurum.

1126 3603 1243 3663 Datum
1270 3605 1384 3674 Reate,
1413 3605 1472 3663 Vll
1497 3601 1572 3661 idus
1593 3600 1753 3678 januarii,
1780 3599 1917 3678 pontill-

1127 3701 1220 3762 catus
1234 3701 1340 3762 nostri
1354 3715 1442 3761 anno
1458 3699 1596 3761 decimo.

1454 3947 1592 4034 LXXX

1177 4103 1229 4164 Au
1245 4103 1423 4176 {luponem
1438 4101 1478 4159 de
1492 4099 1683 4168 Leztntcco,
1701 4099 1868 4158 Marclrtoe

1434 4195 1606 4256 comitem.

1394 4328 1411 4382 8
1427 4325 1551 4398 januarii
1572 4325 1650 4382 lino.

1143 4447 1671 4580 [11011111111111.111111111.31ῑ11111ἐ711]769;
1685 4447 1792 4509 Regest„
1806 4445 1852 4496 lib.
1867 4446 1900 4506 X,

1445 4534 1519 4582 epis.
1585 4555 1590 4566 .

278 4623 392 4692 siensi,
406 4621 438 4681 et
453 4619 608 4680 Mattlraeo
618 4621 636 4679 1
640 4618 764 4677 olranni
782 4618 931 4694 Elperini
949 4619 1071 4680 Belva-
1125 4629 1265 4698 Querentc
1278 4627 1435 4699 Anglorum
1451 4640 1519 4698 rege
1536 4640 1551 4682 a
1567 4623 1700 4681 fidelitate
1713 4623 1767 4680 sibi
1779 4621 1874 4680 debila
1889 4629 1919 4680 el

279 4720 370 4782 censi
396 4717 566 4788 canonice,
589 4715 739 4775 Parisius
759 4715 986 4788 commoranti,
1011 4733 1071 4780 nos
1161 4714 1288 4772 hominio
1299 4714 1438 4771 deiecisse
1455 4715 1605 4786 ilugonem
1618 4711 1653 4770 de
1668 4711 1827 4780 chiniaco,
1844 4711 1916 4768 llar-

277 4816 440 4879 noveritis
455 4829 514 4891 per
531 4813 661 4874 nostras
679 4812 808 4873 litteras
824 4813 1019 4890 injunxisse,
1037 4815 1072 4875 ui
1160 4802 1232 4860 chiffl
1255 4803 1398 4871 θῡῐῐὶίῑθῐῃ,
1421 4817 1486 4858 curn
1509 4801 1641 4858 Plcifllioe
1664 4799 1819 4858 1181011ῑῦϋὸ
1843 4799 1918 4868 aliis,

274 4931 334 4976 vos
345 4913 385 4974 ad
399 4913 432 4973 id
448 4925 694 4988 percensuram
711 4909 982 4984 ecclesiasticam,
998 4911 1072 4971 snb·
1160 4893 1272 4992 §Orfidii
1286 4891 1429 4992 H9ss⁰li1¹⁸
1444 4889 1479 4990 id
1494 4891 1656 4960 Hl¹d⁰¹¹⁰mr
1674 4887 1831 4960 ⁰bjl¹lss³l¹⁸
1850 4901 1915 4960 per·

278 5013 345 5074 lato
367 5009 544 5086 cujuslibet
567 5007 837 5068 contradictionis
862 5009 894 5070 et
917 5009 1069 5086 appella·
1157 4995 1274 5052 lunum’
1290 4992 1439 5050 m¹⁰³⁸qu⁰
1453 4983 1606 5034 'mentm

278 5107 379 5170 tionis
414 5105 660 5182 impedimento
698 5105 906 5180 compellant.
952 5107 1069 5167 Datum
1164 5105 1330 5167 Honorius
1346 5105 1571 5182 episcopus...‚
1587 5101 1707 5162 dilecto
1726 5099 1795 5161 lilio
1813 5099 1918 5162 nobili

277 5205 392 5276 Reate,
407 5205 466 5264 Vil
480 5202 554 5262 idus
567 5201 728 5278 januarii,
746 5217 834 5262 anno
850 5201 988 5262 decimo.
1124 5203 1197 5265 riro
1210 5203 1322 5264 comiti
1337 5201 1495 5261 Marcliiae
1511 5199 1570 5278 (1),
1589 5197 1738 5269 salutem,
1754 5200 1816 5259 etc.

316 5301 388 5362 illis
413 5299 571 5376 scriptum
594 5299 645 5359 est
667 5302 704 5359 ln
732 5301 889 5360 enrndeut
917 5301 1067 5372 modeim,
1164 5299 1349 5361 Fidelitatis
1359 5297 1528 5359 vinculum
1540 5294 1776 5372 quovassallns
1787 5294 1920 5355 tenetur

277 5397 388 5464 verbis
415 5395 638 5473 competenter
661 5395 806 5468 mutatis,
833 5395 868 5458 ut
892 5409 949 5460 eos
970 5395 1011 5458 ad
1035 5397 1067 5458 id
1125 5397 1268 5470 domino,
1291 5397 1342 5458 est
1365 5395 1447 5456 adeo
1472 5393 1602 5455 celebre
1626 5392 1712 5470 apud
1735 5407 1860 5464 omnes,
1883 5387 1934 5451 ut

277 5495 476 5576 compellere
490 5493 641 5555 debeant.
1124 5497 1224 5558 etiam
1235 5490 1582 5570 religionejuramenli
1592 5505 1655 5568 qua
1664 5489 1784 5550 vallari
1795 5487 1919 5550 assolet

312 5627 352 5704 (l)
368 5625 450 5702 Apud
466 5628 579 5699 llynrer,
597 5639 746 5699 perperam
771 5625 906 5699 scriplum
928 5627 1068 5700 Gousrido
1087 5628 1120 5688 dr
1138 5626 1300 5684 leziniaco.
