4114 6322
112 329 175 391 149
731 323 960 386 EPISTOLAE.
988 323 1066 384 LIB.
1089 323 1145 384 XI.
1699 327 1759 388 150

108 487 236 550 clerico
250 487 452 565 praeceptum
470 483 668 564 receperunt
681 483 907 562 apostolicum
962 482 998 544 ln
1017 481 1138 560 quibus
1158 477 1390 546 continebatur
1404 479 1446 546 de
1460 481 1638 546 donatione
1650 483 1757 548 tertiae

107 603 180 648 non
188 584 348 656 obstante,
359 583 637 662 ipsumineadom
648 581 802 654 ecclesia,
809 581 908 659 juxta
961 579 1066 657 partis
1088 581 1210 658 hyenae
1229 581 1408 653 0110111εο,
1429 597 1529 658 quam
1554 581 1758 644 venerabilis
1845 655 1846 658 Ἴ

107 684 210 762 primi
224 682 371 744 mandati
385 683 491 744 nostri
503 683 653 743 tenorem
666 679 782 757 recipi,
797 681 830 740 et
845 679 908 739 fra·
963 677 1067 739 trater
1094 679 1207 739 noster
1230 676 1401 748 hibertus,
1425 679 1635 740 Liuoniensis
1666 681 1759 758 epis-

107 783 207 842 terna
230 779 360 841 faciatis
382 780 521 841 caritate
535 779 685 840 tractari.
708 776 906 838 Contradic-
962 790 1075 852 oopus,
1097 775 1221 837 fecerat
1241 775 1401 852 magistro
1425 775 1554 838 militiae
1578 777 1702 839 Christi
1726 781 1759 842 01

107 881 215 950 tores,
233 879 296 938 etc.
319 877 540 938 Decernentes
557 877 689 938 irritum
704 875 860 946 elinane,
878 874 907 934 si
962 871 1121 934 tratribus
1151 874 1236 945 suis,
1267 889 1367 950 super
1390 873 1624 950 jnrisdictione
1650 875 1757 952 ipsius

110 976 191 1053 quid
221 976 297 1053 post
330 975 586 1052 appellationem
612 973 654 1034 ad
682 987 743 1034 nos
771 989 791 1033 a
820 973 906 1033 dicto
961 971 1069 1032 tertiae
1083 971 1199 1047 partis,
1216 971 1305 1031 inter
1317 969 1511 1046 praedictum
1523 971 1713 1048 episcopum
1723 975 1758 1036 et

109 1074 236 1134 clerico
255 1072 486 1149 interpositam
508 1072 548 1133 de
569 1069 844 1148 praebenda·ipsa
865 1069 906 1130 ab

109 1171 238 1232 eisdem
267 1170 389 1248 priore,
415 1171 448 1232 et
471 1169 631 1246 capitulo,
656 1168 710 1230 vel
735 1183 755 1230 a
781 1168 905 1229 decano

107 1267 325 1344 Vastignensi
344 1270 377 1328 et
396 1269 468 1344 ejus
483 1267 620 1342 collegis
645 1267 822 1328 occasione
845 1265 906 1327 lit-

107 1369 269 1437 terarum,
293 1379 379 1442 quas
391 1365 433 1425 ad
448 1379 506 1426 eos
523 1363 625 1425 iidem
646 1363 739 1441 prior
756 1363 790 1426 et
808 1362 906 1440 capi-

105 1463 216 1525 tulum
242 1477 344 1539 super
367 1463 525 1540 expensis
552 1477 652 1539 super
675 1459 738 1522 hoc
762 1459 859 1524 factis
885 1475 905 1522 a

107 1561 231 1622 dilecto
244 1559 313 1621 illio
321 1561 434 1622 nostro
446 1563 498 1631 R.,
513 1559 625 1622 Sancti
634 1557 753 1635 Angeli
766 1559 905 1620 diacono

107 1657 285 1728 cardinali,
311 1657 509 1734 Apostolicac
534 1656 629 1718 Sedis
652 1656 778 1733 legato,
800 1656 907 1732 impe-

106 1757 217 1818 trasse
247 1755 403 1816 dicuntur
426 1755 541 1816 contra
568 1752 720 1815 eumdem
746 1753 905 1814 clericum

106 1852 305 1914 inveneritis
320 1853 445 1913 temere
460 1852 667 1914 attentatum.
685 1850 795 1914 Nullis
810 1850 903 1912 litte-

106 1951 167 2020 ris,
180 1951 379 2011 stellatum
390 1947 902 2021 131033311111331000131313,

109 2063 199 2108 anno
214 2047 399 2108 undecimo.

147 2419 200 2479 nc
213 2418 349 2492 fratres
364 2419 498 2481 murtae
513 2417 642 2480 curuo
655 2419 693 2479 tu
706 2389 862 2478 naccum

372 2559 405 2616 10
418 2555 546 2614 decemb.
565 2556 645 2614 laio.

139 2680 236 2746 [blitth.
252 2695 276 2731 0.
293 2679 319 2734 d.
334 2679 792 2740 030011.113·Ε313-Κ3113303,1111,
807 2678 872 2744 liu]

107 2806 296 2875 Sententiam,
321 2820 407 2878 quam
431 2805 533 2862 tulerat
555 2804 728 2862 wilhelmus
752 2804 904 2876 eptacopus

142 2895 314 2952 Mutinensis
334 2895 407 2950 inter
419 2895 588 2966 magistrum
604 2907 702 2950 eorum
717 2892 903 2950 aldibertum

142 2984 310 3056 episcopum
327 2979 901 3055 111303301300131130011030311133330,

142 3071 304 3128 contlrmat.

147 3198 315 3258 Honorius
326 3197 637 3274 episcopusservus
650 3211 823 3259 servorum
830 3196 899 3269 Del,

108 3295 239 3356 dilectis
263 3295 342 3354 tiliis
365 3295 525 3370 magistro
546 3296 579 3356 et
600 3293 759 3356 iratribus
774 3293 901 3356 militiae

108 3392 231 3452 Christi
246 3391 280 3451 in
296 3392 446 3462 Livonia,
463 3391 615 3462 salutem,
633 3394 696 3454 010.

146 3487 901 3566 Eaquaejudiciouelconcordiaterminantur‚

960 1067 1157 1144 magistrum
1184 1067 1280 1130 dictae
1304 1068 1433 1130 militiae
1458 1068 1619 1130 dubitatio
1642 1073 1756 1132 verte-

960 1165 1067 1226 batur.
1085 1164 1248 1226 PraeIatus
1263 1165 1437 1242 episcopus
1459 1182 1559 1242 super
1577 1166 1631 1227 his
1652 1168 1759 1228 inter-

960 1263 1096 1338 rogatus
1111 1263 1292 1339 respondit,
1307 1263 1420 1324 dicens
1437 1280 1444 1323 :
1462 1263 1548 1340 quod
1567 1265 1597 1324 si
1620 1264 1660 1324 de
1680 1279 1759 1341 per·

961 1359 1202 1436 sonamagistri
1211 1361 1418 1437 querimonia
1427 1359 1612 1438 deret,ipse
1621 1361 1758 1424 deberet

960 1455 1021 1518 sub
1032 1457 1185 1534 episcopo
1196 1458 1409 1533 respondere,
1422 1457 1455 1519 et
1464 1457 1579 1518 clerici
1589 1458 1754 1534 magistri,

961 1557 1196 1631 cujuscumque
1206 1555 1380 1630 religionis
1392 1555 1469 1626 sint,
1480 1555 1515 1615 in
1527 1555 1756 1632 spiritualibus

960 1651 1756 1728 debentsubipsoepiscoporespondere.Fratres

959 1749 1070 1810 autem
1089 1749 1290 1825 respondere
1310 1747 1430 1810 dehent
1447 1749 1674 1810 tantummodo
1690 1749 1752 1810 sub

960 1845 1130 1922 magistro.
1160 1845 1319 1906 Homines
1352 1846 1468 1918 etiam,
1500 1845 1688 1908 habitantes
1719 1846 1762 1922 in,

959 1943 1058 2004 tertia
1088 1943 1183 2020 parte
1211 1943 1378 2018 magistri,
1408 1943 1468 2002 sub
1496 1944 1570 2019 ipso
1596 1943 1757 2018 magistro
1830 1986 1832 1996 ,

960 2040 1079 2102 debent
1093 2040 1298 2101 solummodo
1312 2039 1527 2116 respondere,
1553 2041 1600 2102 ita
1624 2041 1710 2117 quod
1736 2053 1757 2102 a

960 2137 1136 2198 diffinitiva
1148 2137 1324 2209 sententia,
1339 2137 1369 2199 si
1379 2137 1557 2210 voluerint,
1573 2138 1701 2214 possint
1713 2137 1756 2198 ad

959 2235 1110 2296 eumdem
1122 2235 1312 2312 episcopum
1323 2234 1632 2311 appellaraomnes
1643 2233 1755 2295 autem

959 2332 1151 2408 spirituales
1164 2347 1275 2393 causae
1290 2330 1411 2393 debent
1426 2332 1606 2409 peripsum
1619 2332 1753 2408 episco-

959 2445 1037 2506 pum
1060 2427 1211 2489 diffiniri.
1237 2431 1345 2505 Super
1367 2428 1487 2506 quibus
1512 2430 1751 2505 interrogatus,

958 2527 1117 2603 magister
1130 2526 1364 2602 respondebat,
1381 2525 1415 2586 in
1431 2527 1584 2587 omnibus
1602 2527 1650 2587 ita
1666 2541 1752 2588 esse.

959 2623 1473 2699 VisisigituretaudItislitteris
1485 2619 1754 2685 confessionibus

959 2722 991 2783 et
1016 2720 1272 2797 allegationibus
1296 2721 1468 2797 utriusque
1495 2721 1611 2798 partia,
1639 2720 1755 2783 habito

960 2817 1059 2879 etiam
1091 2818 1293 2894 sapientium
1327 2818 1480 2891 consilio,
1502 2817 1692 2894 judicamus
1723 2817 1758 2880 et

958 2915 1216 2992 pronunciamus
1251 2915 1288 2976 ut
1324 2922 1444 2991 supra,
1482 2913 1638 2975 videlicet
1665 2913 1753 2991 quod

958 3013 1116 3088 magister
1138 3011 1338 3088 respondeat
1359 3011 1421 3071 suh
1445 3011 1612 3088 episcopo.
1634 3010 1754 3071 clerici

957 3107 1109 3186 magistri
1125 3109 1160 3169 in
1183 3108 1413 3185 spiritualibus
1429 3107 1657 3170 tantummodo
1674 3123 1752 3169 res·-

957 3207 1123 3284 pondeant
1151 3205 1212 3266 sub
1244 3206 1412 3282 episcopo,
1431 3205 1465 3267 et
1491 3220 1606 3268 omnes
1633 3219 1754 3266 causas

957 3303 1148 3382 spirituales
1170 3303 1259 3364 idem
1282 3303 1456 3380 episcopus
1478 3301 1603 3364 audiat.
1618 3302 1753 3363 Fratres

957 3404 1079 3473 autem,
1106 3403 1139 3462 31
1162 3415 1276 3462 omnes
1298 3397 1486 3461 habitantes
1509 3400 1545 3459 in
1569 3399 1663 3475 parte
1682 3413 1755 3458 ma-

956 3499 1071 3574 gistri,
1097 3496 1158 3558 sub
1190 3496 1348 3574 magistro
1380 3495 1586 3557 solummodo
1612 3509 1754 3570 respon-

108 3585 205 3647 drma
220 3585 339 3648 debent
358 3588 391 3648 et
408 3585 537 3647 illibata
556 3587 738 3648 consistere
752 3589 796 3656 et,
810 3601 853 3646 ne
867 3586 901 3646 in
957 3596 1066 3667 deaut,
1088 3595 1182 3655 salvo
1200 3609 1250 3664 eo,
1270 3593 1356 3670 quod
1377 3592 1528 3670 possunt,
1545 3594 1582 3653 ut
1598 3591 1753 3668 superius

107 3683 264 3745 recidivae
289 3683 509 3744 contentionis
534 3683 726 3760 scrupulum
746 3682 903 3744 relaban-
957 3693 1081 3754 dictum
1096 3689 1574 3762 est,adilnultivasenteutia,
1592 3688 1753 3749 3110130-

106 3783 171 3849 133,
193 3780 384 3855 Apostolico
408 3781 564 3841 convenit
576 3779 733 3856 praesidio
754 3795 903 3840 commu·
956 3789 1034 3862 rint,
1049 3790 1090 3850 ad
1106 3787 1297 3866 episcopum
1313 3787 1493 3864 appellare.
1506 3787 1545 3847 nt
1557 3786 1628 3846 haec
1641 3784 1753 3847 omnia

107 3878 186 3938 uiri.
215 3879 407 3954 Eapl'optel',
432 3877 543 3938 dilecti
565 3876 637 3945 flIII,
661 3877 780 3938 1081118
801 3877 902 3954 justis
956 3886 1146 3964 Apostolica
1162 3885 1370 3952 auctoritate,
1387 3899 1453 3961 qua
1467 3882 1648 3959 fungimur,
1663 3897 1754 3959 prae.

107 3973 913 4066 postulationibusgratoconcurrentesassensu,¹
957 3983 1098 4060 cipimus
1122 3981 1362 4043 iuviolabiliter
1383 3981 1568 4043 observari,
1594 3982 1676 4043 Lata
1703 3979 1755 4041 est
1834 4027 1835 4030 ,

107 4071 318 4132 diffinitivam
351 4071 564 4143 sententiam,
593 4086 692 4148 11111111
720 4087 780 4148 1110
807 4072 901 4134 tobis
957 4080 1122 4142 sententia
1139 4080 1175 4140 in
1192 4075 1752 4154 111331300010313833011130011,

106 4167 310 4230 venerahilis
338 4167 442 4229 irater
469 4169 582 4230 noster
610 4171 676 4240 W„
703 4169 902 4231 Mutinensis
957 4194 1044 4239 auno
1075 4177 1206 4238 Domini
1242 4177 1426 4248 MCCXXV,
1459 4191 1574 4236 mense
1605 4173 1752 4250 augusti,

107 4265 294 4342 episcopus,
308 4266 507 4342 Apostolicae
522 4266 617 4328 Sedis
629 4266 769 4342 legatus,
786 4269 901 4328 contra
955 4277 1032 4337 xiil
1047 4274 1238 4334 indictione.
1249 4271 1484 4342 Praesentibus,
1499 4271 1595 4332 etc.»

105 4363 333 4426 uenerabilem
369 4363 505 4424 fratrom
540 4365 689 4424 nostrum
724 4364 901 4439 Rigensem
995 4371 1088 4433 Nulli
1102 4385 1193 4446 erge,
1211 4371 1273 4432 eto.
1297 4369 1415 4429 Datum
1431 4367 1598 4439 Laterani,
1616 4368 1660 4428 IV
1676 4363 1752 4426 idus

105 4463 300 4538 episcopum
315 4475 477 4536 supereo,
492 4460 578 4536 quod
594 4460 629 4520 in
641 4459 735 4522 robis
747 4461 902 4537 jurisdlc·
957 4467 1151 4540 decembris,
1166 4483 1254 4528 anno
1269 4465 1457 4527 undecimo.

103 4560 231 4620 tionem
253 4573 290 4618 se
314 4556 518 4634 proponebat
543 4556 678 4628 hahere,
704 4559 901 4620 auctoritate
1003 4587 1005 4594 >

102 4653 284 4731 legationis
298 4669 378 4725 suae,
394 4653 535 4730 cognitis
548 4669 657 4714 oausae
672 4653 902 4731 3031113330-

102 4751 279 4828 mulgavit,
296 4751 382 4812 sicut
403 4751 553 4826 estjusta
573 4765 636 4812 neo
655 4751 802 4827 legitima
823 4767 902 4829 pro-

101 4850 281 4912 vocatione
302 4863 475 4924 suspensa,
495 4848 693 4910 auctoritate
712 4850 901 4926 apostolica

102 4947 341 5010 confirmamus
356 4947 389 5008 et
403 4946 577 5022 praesentis
587 4946 703 5022 scripti
716 4947 900 5022 patrocimo

102 5045 359 5107 communimus.
376 5043 424 5104 Ad
446 5045 606 5119 majorem
625 5045 737 5104 autern
756 5044 806 5104 rei
825 5043 900 5106 evi-

102 5142 264 5211 dentiam,
277 5141 426 5202 tenorem
442 5140 547 5216 ipsius
558 5141 732 5202 sententiae
748 5141 788 5202 de
800 5141 901 5204 verbo

102 5237 299 5300 adverbum
322 5237 542 5314 praesentibus
564 5237 719 5299 dunmus
744 5239 900 5300 inseren-

102 5337 194 5397 dum.
212 5337 274 5408 Qui
289 5335 371 5396 talis
387 5336 438 5396 est
454 5355 462 5394 t

143 5436 297 5494 «Coram
317 5431 414 5492 nobis
435 5431 612 5504 Vilbelmo,
629 5432 742 5494 divina
755 5433 899 5494 misera-

102 5534 195 5595 tione
212 5529 394 5591 Mutinensi
409 5529 574 5607 episcopo,
591 5531 789 5606 Apostolicae
806 5531 900 5592 Se'dis

103 5629 226 5706 legato,
253 5631 435 5690 antenore
461 5627 678 5704 quarumdam
700 5627 898 5701 litterarum,

1286 4685 1419 4774 XXIII

1115 4841 1167 4900 Ad
1181 4841 1377 4912 episcopum
1391 4839 1585 4911 1113033030.

1217 4967 1251 5023 10
1262 4965 1392 5024 decemb.
1408 4966 1486 5024 1110.

1025 5089 1161 5158 [Strehlke
1177 5091 1240 5140 Tab.
1254 5089 1309 5140 ord.
1328 5089 1487 5149 Theutonici,
1501 5087 1557 5148 100,
1576 5103 1601 5137 3.
1615 5087 1682 5154 atu]

957 5217 1074 5292 11130331
1102 5217 1238 5290 episcopo
1265 5217 1418 5289 permittit,
1441 5213 1516 5287 quod
1543 5213 1709 5283 3031031103,
1735 5228 1751 5271 3

991 5306 1192 5380 Semigallensi
1207 5305 1341 5378 episcopo
1363 5304 1392 5359 iu
1412 5303 1582 5376 magistrum
1602 5309 1631 5360 01
1651 5301 1752 5358 tratres

991 5395 1098 5452 militiae
1113 5393 1216 5452 Christi
1231 5393 1313 5460 latas,
1328 5392 1480 5464 requisitus
1490 5391 1607 5447 relaxet.

995 5531 1172 5600 Honorius,
1189 5528 1264 5599 010.,
1279 5527 1434 5604 episcopo
1451 5525 1599 5602 Rigensi,
1616 5527 1680 5585 010.

994 5628 1155 5704 Magister
1173 5627 1207 5688 et
1220 5624 1340 5686 tratres
1358 5621 1486 5685 militiae
1502 5621 1625 5684 Christi
1641 5619 1675 5683 in
1693 5621 1750 5682 Li-
