4114 6322
57 355 115 420 121
709 353 937 416 EPISTOLAE.
965 352 1044 414 LIB.
1066 353 1107 413 X.
1670 357 1729 419 122

61 515 198 588 liatnm,
211 515 302 580 ad...
316 516 482 581 decanum
493 517 774 579 cenomanensem
789 517 880 593 ejus·
933 515 975 576 ad
999 511 1198 576 audiendam
1218 527 1353 576 causam
1375 512 1567 592 hujusmodi
1589 513 1729 592 praelato

64 630 130 690 que
151 613 321 690 collegas
360 615 492 676 nostras
520 615 649 676 litteras
677 613 878 690 impetrarit,
934 611 1094 688 magistro
1110 609 1260 672 Rolando
1276 610 1317 672 ob
1332 612 1456 672 certam
1472 627 1607 674 causam
1625 612 1729 674 duxi-

63 712 122 789 qui
139 727 221 772 cum
237 715 365 773 contra
381 712 504 774 dictum
525 711 716 788 episcopum
731 710 879 786 iniquam
933 725 1007 770 mus
1043 707 1288 782 subrogandum
1321 709 1356 768 in
1388 709 1503 770 nostra
1529 711 1562 771 et
1587 709 1730 772 fratrum

64 808 880 886 diffinitivamsententiampromulgassent,idem
933 807 1123 869 nostrorum
1147 806 1326 882 praesentia
1353 805 1513 879 recitatis
1544 807 1622 883 quia
1651 823 1730 884 pars

64 907 252 984 episcopus
267 906 381 970 fretus
398 907 632 984 appellatione,
648 921 745 983 quam
760 921 881 982 procu·
933 903 1080 980 episcopi
1104 902 1145 964 de
1165 903 1394 978 resignatione
1410 903 1513 979 sigilli
1530 919 1589 964 seu
1605 920 1728 982 accep-

63 1005 158 1064 rator
167 1006 248 1080 ejus
258 1006 403 1082 propter
411 1003 752 1081 hocadApostolicam
763 1002 880 1064 sedem
932 1002 1069 1072 tatione,
1086 1016 1170 1077 quas
1186 999 1318 1062 dicebat
1331 1000 1372 1062 ab
1387 1001 1493 1062 altera
1513 1003 1606 1078 parte
1624 1002 1729 1064 factas

65 1101 243 1174 emiserat,
270 1102 318 1162 ad
342 1102 504 1164 dictum...
526 1100 765 1162 lexoviensem
792 1100 881 1176 epis·
934 1115 1000 1160 non
1013 1099 1143 1174 poterat
1154 1097 1265 1159 tacere
1276 1098 1407 1174 plenam
1422 1098 1531 1172 iidem,
1546 1099 1579 1159 id
1593 1115 1628 1160 se
1643 1100 1729 1160 offe-

65 1215 187 1276 copum
205 1202 358 1276 ejusque
378 1199 539 1274 collegam
554 1200 621 1260 tam
643 1213 744 1275 super
760 1197 880 1274 appel·
933 1212 1011 1258 rens
1032 1195 1236 1272 inpartibus
1258 1195 1326 1256 illis
1346 1195 1477 1272 plenius
1500 1196 1727 1272 probaturum,

65 1297 194 1357 latione
218 1312 241 1356 a
269 1297 364 1358 dicta
390 1296 554 1357 sententia
575 1295 789 1372 famaquam
818 1310 879 1354 su·
934 1293 1128 1372 discretioni
1152 1293 1271 1354 vestrae
1295 1292 1335 1354 de
1358 1293 1463 1368 ipsius
1487 1296 1528 1354 Η.
1545 1295 1578 1354 et
1591 1294 1730 1356 alterius

66 1411 126 1469 per
154 1393 240 1454 aliis
264 1393 468 1471 quibusdam
482 1392 633 1454 articulis
657 1392 788 1454 litteras
808 1407 882 1454 nos·
935 1390 1039 1467 partis
1054 1390 1281 1466 procuratoris
1296 1405 1448 1461 assensu,
1465 1407 1526 1466 per
1539 1393 1731 1467 apostolica

67 1493 137 1553 tras
148 1490 213 1550 sub
231 1491 334 1552 certa
355 1490 462 1552 forma
477 1490 620 1552 obtinuit
634 1489 806 1561 destinari,
824 1489 880 1566 qui
934 1489 1058 1564 scripta
1081 1487 1287 1558 mandamus,
1314 1489 1492 1564 quotenne,
1519 1490 1646 1550 vocatis
1673 1489 1731 1566 qui

69 1605 143 1652 cum
168 1589 207 1648 in
223 1588 349 1650 eodem
371 1588 503 1664 negotio
528 1587 724 1664 aliquandiu
744 1602 881 1663 proces·
934 1585 1059 1648 luerint
1082 1585 1253 1657 evocandi,
1274 1584 1446 1661 recipiatis
1468 1585 1636 1662 superbis
1651 1601 1732 1662 pro-

72 1685 208 1759 sissent,
242 1683 358 1747 dictus
374 1688 414 1746 H.
446 1701 560 1746 eorum
586 1683 784 1746 sententiam
813 1699 880 1745 non
933 1682 1085 1746 bationes
1100 1682 1265 1757 legitimas
1281 1681 1360 1744 dicti
1380 1683 1526 1759 episcopi
1544 1665 1748 1758 sagiensis'

72 1784 273 1860 expectans,
292 1783 406 1860 posuit
420 1783 454 1842 in
471 1799 573 1844 manu
588 1782 692 1859 ipsius
709 1781 880 1857 sagiensis
934 1780 966 1840 et
989 1779 1212 1856 appellatione
1239 1779 1385 1851 remota,
1417 1779 1503 1855 quod
1531 1781 1731 1841 canonicum

73 1881 224 1958 episcopi
236 1895 380 1942 causam
402 1896 507 1952 suam,
532 1881 565 1942 et
578 1879 618 1940 de
638 1878 754 1941 stando
781 1893 881 1940 man·
934 1876 1033 1938 fuerit
1049 1875 1221 1948 statuatis,
1240 1875 1399 1938 facientes
1415 1876 1501 1952 quod
1521 1877 1729 1938 decrevimus

74 1977 149 2038 dato
166 1981 244 2054 ejus
271 1977 410 2040 extenta
433 1991 534 2038 manu
548 1977 685 2037 dextera
709 1975 750 2036 ad
774 1975 881 2037 altare
934 1989 1190 2052 percensuram
1214 1973 1487 2045 ecclesiasticam,
1504 1974 1730 2051 appellatione

76 2075 229 2147 dicendo,
243 2075 276 2135 si
293 2077 383 2136 Deus
397 2089 449 2135 me
462 2074 606 2150 adjuvet,
620 2073 652 2136 et
667 2073 738 2134 haec
753 2075 878 2145 sancta,
933 2074 1077 2144 remota,
1104 2071 1246 2132 tirmiter
1269 2070 1451 2132 observari.
1480 2071 1595 2132 Testes
1619 2073 1731 2134 autem

77 2171 256 2249 corporale
283 2171 441 2248 praestitit
460 2171 702 2248 Juramentum,
729 2171 785 2248 qui
807 2187 880 2232 oum
935 2170 991 2247 qui
1006 2168 1131 2230 luerint
1148 2167 1323 2240 nominati,
1340 2168 1369 2228 si
1389 2183 1424 2228 se
1443 2168 1564 2242 gratia,
1581 2169 1657 2230 odio
1675 2169 1730 2230 vel

79 2270 306 2332 consideratis
333 2268 460 2344 negotii
487 2267 748 2330 circumstantiis
782 2283 882 2344 super
934 2267 1053 2328 timore
1073 2264 1310 2336 subtraxerint,
1326 2279 1467 2326 censura
1485 2264 1599 2337 simili,
1615 2265 1732 2342 appel·
1791 2340 1792 2348 ἵ

79 2367 230 2444 prioratu
245 2366 401 2428 ecclesiae
414 2365 584 2442 sagiensis
599 2365 769 2427 silentium
779 2365 881 2441 impo-
934 2363 1058 2424 latione
1078 2363 1243 2434 cessante,
1261 2362 1467 2438 compellatis
1481 2362 1616 2424 veritati
1635 2362 1733 2424 tasti-

81 2464 202 2526 suisset
216 2464 343 2538 eidem,
360 2463 444 2526 etob
460 2463 569 2525 certas
582 2478 713 2532 causas,
739 2477 880 2540 quarum
935 2461 1082 2522 monium
1102 2459 1288 2536 perhibere.
1310 2459 1472 2530 Quamdiu
1494 2462 1604 2520 antem
1629 2475 1731 2520 causa

82 2564 242 2638 quasdam
254 2563 337 2624 tuno
348 2561 523 2638 expressit,
535 2561 603 2622 tam
616 2559 771 2635 civitatis,
782 2576 881 2638 quam
934 2557 1105 2620 duraverit
1122 2571 1234 2618 coram
1248 2555 1353 2628 robis,
1375 2555 1507 2620 faciatis
1527 2556 1615 2617 dicto
1634 2558 1674 2617 H.
1693 2557 1730 2617 in

83 2661 232 2722 ecclesiae
247 2659 424 2736 sagiensis
440 2659 482 2720 ad
492 2660 621 2734 tempus
636 2657 809 2720 interdixit
822 2659 880 2718 in·
934 2655 1132 2717 necessariis
1145 2653 1185 2715 de
1198 2653 1293 2714 bonis
1307 2654 1477 2729 sagiensis
1491 2653 1643 2714 ecclesiae
1656 2669 1731 2730 pro-

83 2771 247 2832 gressum,
286 2758 320 2819 et
347 2756 496 2818 Ecclesia
526 2757 654 2818 sanctae
689 2757 881 2831 Margaritae
934 2753 1053 2818 videri.
1068 2751 1159 2824 Quod
1177 2751 1206 2812 si
1221 2766 1288 2812 non
1307 2766 1434 2820 omnes,
1458 2752 1534 2823 etc,
1560 2766 1627 2812 non
1650 2749 1729 2812 obs·

86 2856 217 2932 Carrog.
236 2855 305 2916 sibi
332 2855 372 2916 de
390 2870 531 2916 assensu
558 2853 719 2914 Willelmi
745 2853 878 2930 prioris,
933 2851 1024 2912 tante
1043 2849 1129 2927 quod
1152 2848 1224 2917 tibi,
1238 2847 1352 2921 abbas,
1370 2849 1513 2911 dicimur
1533 2847 1727 2919 indulsisse,

85 2953 117 3012 ct
143 2952 289 3014 fratrum
320 2951 470 3013 ecclesiae
498 2950 667 3028 sagiensis
697 2949 881 3012 liberaliter
934 2963 976 3010 ne
998 2946 1109 3009 causis
1137 2944 1375 3022 cognoscendis
1398 2945 1561 3006 interesse
1583 2943 1731 3021 compel-

88 3049 270 3125 assignata,
289 3049 507 3127 promisisset,
535 3048 621 3125 qnod
648 3049 767 3110 melius
784 3047 816 3109 ei
830 3047 882 3109 ta·-
933 3044 1017 3106 laris
1045 3044 1180 3106 invitus.
1211 3043 1330 3104 Datum
1362 3041 1535 3115 Laterani,
1565 3044 1627 3104 Xll
1653 3041 1731 3104 idus

89 3149 184 3218 cerat,
196 3145 368 3209 sivideret
380 3143 643 3207 meliorationem
657 3145 779 3221 ipsius;
793 3144 881 3206 idem
931 3143 1020 3221 iulii,
1037 3157 1125 3204 anno
1140 3140 1281 3203 decimo.

89 3245 127 3303 Η.
143 3243 254 3320 sigillo
268 3244 403 3322 proprio
423 3259 487 3320 quo
503 3259 583 3304 usus
600 3241 710 3306 tuerat
722 3243 881 3320 tanquam

90 3341 180 3415 prior
205 3342 242 3402 in
265 3341 418 3417 sagiensi
443 3340 587 3417 capitulo
611 3341 779 3416 resignato
801 3355 883 3402 con-

91 3435 204 3508 tracto,
220 3439 346 3500 tactum
367 3437 557 3516 hujusmodi
583 3438 777 3514 acceptarit,
793 3437 883 3508 reci,-
1231 3398 1424 3487 CLXXIII

92 3533 207 3609 liessdo
223 3537 401 3598 ecclesiam
428 3535 558 3596 Sanctae
584 3533 775 3610 Margaritae
795 3551 883 3610 ΡΜ·
935 3555 987 3614 Ad
1009 3553 1296 3624 archiepiscopos,
1327 3550 1511 3622 episcopos,
1537 3546 1674 3608 abbatos
1694 3547 1730 3608 et

94 3629 220 3706 dictam,
238 3649 280 3696 ao
294 3633 379 3694 alias
403 3632 549 3710 parendo
564 3631 756 3708 bujnsmodi
781 3647 881 3692 man·
975 3651 1060 3710 ago,
1079 3648 1252 3721 magog,
1276 3645 1352 3717 θιὼ,
1372 3658 1439 3719 per
1458 3657 1607 3719 reygm
1627 3647 1731 3706 ppos.

94 3727 338 3809 (¹³t00121800li
370 3729 557 3806 &islensis
589 3729 645 3806 qui
673 3743 881 3806 nequaquam
974 3747 1185 3807 somotcoeoc
1196 3755 1263 3818 por
1277 3743 1443 3803 Achatem
1453 3740 1668 3802 constitutor.

95 3825 169 3888 tuno
180 3828 290 3906 ipsum
302 3827 446 3906 privavit
456 3827 605 3904 prioratu
616 3825 794 3902 jamdicto,
807 3842 881 3887 oum
1235 3883 1270 3941 w
1279 3880 1341 3954 julii
1357 3881 1436 3938 lm·

93 3923 215 3998 jamdiu
226 3927 306 3988 ante
321 3925 412 3986 esset
422 3927 550 3986 amotus
559 3923 600 3984 ab
615 3923 685 3995 illo,
696 3939 792 3999 quem
808 3939 882 3984 oum

97 4019 177 4082 alins
204 4039 266 4100 per
308 4021 505 4084 electionem
538 4019 720 4082 solemnem
750 4020 882 4082 oreatus
1122 4005 1240 4072 [⁰⁸¹10ffi·
1253 4004 1461 4096 ltaliasaerami,
1474 4001 1542 4068 ³⁰⁴]

97 4117 183 4191 prior
197 4137 236 4182 eo
249 4120 398 4196 tempore
417 4117 610 4195 possideret,
628 4120 662 4179 et
675 4116 783 4178 adhuc
805 4133 883 4194 pos·
936 4124 985 4183 llis
1005 4121 1122 4182 mandat
1143 4129 1175 4180 ut
1196 4121 1360 4187 Nicolaum,
1383 4120 1526 4192 Reginum
1552 4117 1732 4191 episcopum,

99 4213 202 4278 sidere
216 4219 374 4279 noscatur
391 4216 568 4278 restituere
583 4215 670 4276 dioto
681 4217 721 4275 Η.
736 4230 803 4276 non
822 4229 884 4291 po·
972 4227 1056 4285 quem
1089 4209 1125 4268 ad
1153 4217 1249 4282 portes
1276 4210 1404 4280 ipsorum
1430 4207 1585 4264 *communi
1610 4206 1733 4262 utilitate

97 4311 188 4386 terat,
204 4331 266 4376 neo
280 4315 380 4376 etiam
399 4312 583 4384 tenebatur,
609 4312 793 4388 praesertim
808 4327 882 4374 cum
971 4303 1064 4357 Terre
1086 4300 1207 4366 sanctae,
1229 4296 1324 4354 ⁰ffi010
1341 4296 1494 4369 legationis
1517 4295 1543 4350 ei
1563 4293 1731 4362 commisso,

99 4407 169 4470 311ae
183 4427 292 4474 gausae
307 4410 479 4472 subessent
493 4411 627 4488 propter
648 4425 730 4486 quas
752 4409 785 4470 id
809 4407 882 4468 fleri
972 4388 1060 4447 sedas
1080 4386 1244 4458 Apostolice
1268 4384 1449 4482 transmittet,
1470 4381 1631 4481 honorifice
1656 4381 1729 4437 reci·

98 4519 159 4566 non
172 4507 320 4570 debebat.
337 4510 444 4579 Quare
459 4505 589 4568 dicebat
599 4507 791 4583 praedictam
809 4521 883 4567 sen·
971 4477 1087 4550 piam
1101 4471 1229 4566 eju⁸d9¹¹¹
1240 4469 1382 4529 ¹¹¹³¹¹d²¹t¹⁸
1395 4467 1538 4550 ⁰b⁰d¹³m¹

99 4599 229 4666 tentiam
258 4620 325 4666 non
357 4604 566 4676 servandam,
596 4618 658 4666 neo
690 4601 883 4664 mandatum
976 4601 1142 4664 Honorius
1153 4599 1341 4676 episcopus,
1352 4595 1729 4667 servusservoranei,

99 4694 282 4776 hujusmodi
305 4701 539 4774 revocandum,
554 4715 616 4762 nec
641 4699 682 4762 ad
706 4715 880 4777 expensas,
936 4695 1184 4763 venerabilibus
1209 4694 1369 4758 tratribus
1394 4693 1668 4770 archiepiscopis
1698 4693 1732 4754 et

101 4795 150 4856 vel
170 4798 287 4860 damna
312 4797 426 4860 deberi
450 4797 514 4858 sibi
545 4797 668 4859 dictum
692 4797 883 4875 episcopum
937 4795 1112 4874 episcopis,
1127 4795 1160 4856 et
1174 4793 1303 4856 dilectis
1317 4790 1592 4863 flliisabbatibus,
1609 4787 1732 4850 etaliis

102 4895 324 4972 condemnari3
349 4895 497 4973 quinimo
519 4895 690 4957 humiliter
715 4893 884 4971 supplica·
937 4893 1154 4956 ecclesiarum
1178 4889 1339 4967 praelatis,
1362 4889 1395 4950 et
1418 4887 1549 4949 clericis
1565 4885 1732 4948 universis

101 4985 161 5062 bat,
176 4994 213 5054 ut
225 4993 415 5054 mandatnm
425 4991 616 5068 hujusmodi
629 4991 829 5063 confirmari,
844 5005 884 5053 ac
937 5005 996 5069 per
1010 5003 1149 5065 regnum
1167 4985 1425 5058 Thessalonicae,
1443 4999 1482 5046 ac
1495 4999 1555 5061 per
1571 4983 1732 5044 Achaiam

103 5083 217 5150 dictum
232 5093 272 5150 H.
287 5090 344 5167 qui
355 5090 482 5152 temere
491 5088 646 5150 veniebat
656 5088 772 5150 contra
783 5103 885 5165 praes·
937 5085 1138 5158 constitutis,
1163 5079 1358 5146 salutemet
1380 5081 1604 5158 apostolicam
1629 5077 1734 5138 bene·

102 5179 189 5246 titum
196 5187 421 5264 juramentum
438 5185 551 5263 puniri
566 5185 606 5247 de
621 5185 769 5262 perjurio
788 5184 883 5246 iace·
937 5185 1127 5246 dictionem.
1740 5226 1741 5230 ,

103 5293 215 5344 remus.
227 5283 383 5361 Alioquin
399 5281 566 5358 allegabat
580 5281 620 5342 ad
637 5282 759 5343 dictum
774 5283 885 5342 Lexo-
978 5283 1059 5344 Cum
1080 5277 1283 5340 venerabilis
1305 5276 1408 5338 irater
1430 5273 1545 5335 noster
1558 5271 1731 5339 Nicolaus,
1748 5286 1752 5294 ·

103 5375 240 5441 riensem
255 5381 455 5457 episcopum,
480 5380 513 5440 et
537 5381 610 5456 ejus
635 5379 795 5454 collegam
810 5393 884 5440 esse
937 5379 1084 5454 Reginus
1107 5377 1293 5452 episcopus,
1310 5373 1364 5434 vir
1381 5369 1525 5448 generis,
1549 5370 1582 5431 et
1602 5383 1732 5428 morum

105 5478 261 5550 negotium
276 5476 519 5538 remittendum.
938 5473 1111 5536 nobilitate
1126 5470 1336 5546 conspicuus,
1353 5467 1507 5544 quemad
1526 5465 1637 5541 partes
1656 5477 1733 5523 ves-

138 5573 194 5634 llis
202 5574 305 5650 igitur
314 5589 374 5650 per
384 5573 538 5636 dilectum
549 5573 653 5633 tilium
669 5571 884 5634 Octavianum
937 5573 1007 5634 tras
1026 5585 1086 5646 pro
1105 5566 1272 5630 communi
1293 5563 1436 5626 utilitate
1455 5565 1567 5622 Terrae
1588 5557 1731 5630 sanctae,

106 5667 342 5744 subdiaconum,
353 5672 385 5734 et
395 5669 603 5748 capellanum
614 5669 774 5742 nostrum,
787 5683 884 5746 quem
938 5667 1024 5729 siout
1037 5681 1092 5728 res
1106 5666 1186 5726 tunc
1201 5661 1371 5740 postulare
1385 5657 1530 5720 maxime
1545 5653 1730 5726 videbatur,
