4114 6322
120 341 182 402 113

455 507 586 596 CLXV

116 663 172 724 Ad
186 661 341 724 abbatem
356 659 390 722 ct
402 663 559 736 priorem
575 655 778 720 6666616111
796 653 914 717 Sancti

338 760 489 834 Rcmtait
505 757 695 818 1166166611.

409 887 443 944 18
454 885 527 960 iunii
543 885 622 944 11211.

166 1010 265 1075 [varin
281 1007 403 1061 Anchises
417 1009 449 1059 de
461 1007 489 1059 la
501 1007 562 1060 ville
574 1007 605 1057 de
616 1005 710 1066 Raima,
723 1005 744 1069 Ι,
754 1019 786 1066 n,
798 1003 867 1068 tte]

116 1133 251 1208 Indulget
266 1133 308 1192 eis
325 1149 361 1190 ne
382 1149 433 1206 per
454 1133 673 1191 commissiones
692 1129 772 1190 Sedis
791 1129 913 1202 Aposto-

152 1223 217 1282 1166
230 1221 349 1294 quaeda
362 1215 466 1278 6161616
480 1221 515 1278 ad
529 1235 579 1278 666
594 1219 741 1292 impetrari
752 1217 914 1290 contigerit,

152 1309 309 1384 procedere
321 1317 481 1378 teneantur,
495 1310 550 1367 nisi
563 1308 682 1366 16661161
692 1306 727 1364 de
738 1305 914 1379 indulgentia

152 1397 319 1472 hujusmodl
336 1397 524 1455 mentionem.

156 1525 326 1588 Honorius
339 1525 524 1602 episcopus,
535 1539 650 1586 servus
662 1520 910 1591 servorumbei,

114 1623 249 1684 dilectis
277 1621 355 1682 filiis
382 1621 493 1682 abbati
521 1621 554 1682 61
586 1619 690 1697 priori
718 1615 914 1679 monasterii

117 1719 237 1781 Sancti
253 1718 395 1794 Remigii
411 1717 595 1788 Remensis,
610 1715 672 1778 etc.

157 1819 186 1876 A
201 1815 296 1876 nobis
310 1815 481 1876 humiliter
492 1813 697 1892 postulastis,
710 1811 746 1874 ut
756 1827 831 1876 cum
847 1826 914 1871 non

113 1907 913 1990 habeatisjurisperitiam,etpropterJudiciorum

113 2009 293 2086 strepitum
305 2009 475 2084 contingat
485 2009 608 2070 sanctae
624 2005 914 2084 contemplationis

114 2107 154 2168 in
182 2105 278 2168 nohis
307 2106 411 2168 otium
434 2105 600 2182 impediri,
630 2103 778 2166 eximere
806 2118 866 2165 166
893 2117 914 2163 a

114 2203 390 2266 commissionum
404 2203 593 2264 nostrarum
606 2200 830 2262 sollicitudine
845 2199 914 2276 dig-

112 2315 284 2362 naremur.
300 2301 369 2361 Nos
383 2315 462 2376 ergo
476 2299 597 2362 uestris
612 2295 912 2376 supplicationibus

114 2399 315 2470 minuentes,
354 2397 521 2458 devotioni
550 2397 680 2458 ¹vestrae
716 2394 912 2456 auctoritate

113 2495 333 2574 praesentium
354 2495 576 2570 indulgemus,
602 2507 645 2554 ne
676 2508 736 2570 per
757 2491 914 2553 commis·

112 2593 228 2654 aiones
242 2591 387 2664 nostras,
405 2607 488 2667 quas
511 2591 551 2650 de
572 2591 692 2650 caetero
714 2588 755 2650 ad
774 2588 913 2650 16616-

111 2689 244 2768 petrari
281 2688 469 2764 contigerit,
505 2685 684 2763 procedere
717 2685 910 2756 teneamini,

111 2786 182 2846 nisi
192 2785 334 2846 fecerint
344 2785 383 2846 de
394 2783 602 2860 indulgentia
613 2782 804 2860 hujusmodi
817 2797 912 2842 men-

112 2883 254 2944 tionem.
277 2881 370 2943 Nulli
392 2897 482 2957 erge,
510 2883 572 2942 616.
598 2880 718 2941 Datum
741 2879 909 2950 Laterani,

112 2981 194 3040 XIII
204 2977 461 3054 kalendasjulii,
477 2971 809 3056 166111166166166111
823 2991 910 3037 anno

114 3075 258 3138 decimo.

436 3289 588 3376 CLXVI

132 3439 187 3499 Ad
207 3437 415 3501 abbatemet
433 3439 639 3501 conventam
660 3439 701 3499 de
721 3437 887 3509 Passetet,

271 3529 275 3536 '
315 3523 550 3598 cloniacense
565 3539 710 3598 ordinis.

406 3665 524 3740 1916611
539 3665 619 3724 1221.

271 3788 377 3853 11161111.
390 3795 501 3840 monam.
512 3789 543 3840 de
554 3789 675 3848 Passalet,
687 3786 755 3850 1111]

742 335 972 398 aristeum.
995 335 1075 400 bie.
1097 333 1138 394 X.

1704 332 1761 394 114

968 487 1764 570 166111611166166111666661111161611,1111616-

968 590 1045 651 liter
1059 589 1282 661 concessistis,
1299 590 1341 650 ad
1356 606 1436 651 usus
1452 589 1642 667 hujusmodi
1662 601 1771 651 revo-'

969 701 1056 748 care.
1083 688 1152 748 Nos
1178 687 1289 748 autem
1314 687 1434 748 1661116
1462 685 1761 764 supplicationibus

968 783 1132 856 inclinati,
1148 783 1315 846 devotioni
1328 785 1447 845 vestrae
1457 783 1670 860 praesentium
1685 799 1762 844 auc·

969 882 1102 944 toritate
1128 881 1351 948 concedimus,
1387 882 1434 952 ut,
1464 880 1589 941 eisdem
1615 879 1762 941 familia·

968 978 1061 1040 ribus
1095 977 1340 1049 decedentibus,
1375 977 1408 1038 id
1443 977 1575 1038 61116616
1608 977 1760 1038 16166116.

969 1076 1062 1136 Nulli
1088 1091 1168 1150 ergo
1194 1075 1328 1137 omnino
1355 1075 1526 1136 hominnm
1550 1074 1650 1136 liceat
1673 1075 1762 1134 banc

969 1173 1125 1249 paginam
1136 1173 1258 1234 nostrae
1269 1173 1492 1233 concessionis
1502 1171 1694 1246 intringere,
1707 1171 1761 1232 161

969 1271 1000 1332 61
1015 1285 1099 1330 6666
1119 1270 1296 1331 166616116
1312 1269 1489 1331 contraire.
1511 1269 1546 1330 Si
1562 1269 1635 1346 quis
1650 1269 1762 1330 autem

970 1367 1032 1428 boc
1045 1367 1207 1428 attentare
1222 1367 1481 1444 praesumpserit,
1498 1365 1761 1442 indignationem

971 1463 1205 1540 omnipotentis
1216 1464 1275 1524 Dei
1290 1465 1323 1525 et
1333 1463 1505 1525 beatorum
1516 1463 1607 1524 Petri
1620 1463 1653 1524 61
1663 1462 1760 1523 Ρ6611

969 1561 1196 1637 apostolorum
1225 1561 1296 1636 ejus
1323 1576 1359 1620 se
1382 1559 1513 1622 6616111
1536 1560 1758 1620 incursurum.

969 1657 1087 1718 Datum
1103 1657 1269 1728 Laterani,
1288 1659 1364 1717 Xlll
1379 1657 1539 1718 kalendas
1551 1657 1650 1733 junii,
1674 1671 1760 1734 pon-

969 1754 1114 1816 tiflcatus
1129 1754 1237 1817 nostri
1252 1770 1339 1816 anno
1356 1754 1495 1816 decimo.

1281 2001 1453 2090 CLXVII

968 2154 1021 2215 Ad
1042 2155 1210 2216 6166661166
1231 2153 1265 2215 61
1289 2156 1470 2215 canonicos
1498 2153 1759 2216 Westartcascs.

1263 2283 1296 2339 19
1308 2281 1473 2355 1661112211.

1102 2403 1244 2470 [Gadanus
1257 2404 1318 2455 Cod.
1332 2404 1395 2471 dipl.
1406 2406 1532 2466 anecdot,
1547 2406 1580 2468 V,
1591 2405 1628 2470 l.]

1029 2530 1080 2588 Eis
1094 2529 1288 2603 parochialem
1302 2529 1454 2588 ecclesiam
1468 2531 1693 2590 Nestariensem

1285 2617 1446 2678 conliniet.

1007 2735 1175 2796 Honorius
1184 2735 1369 2812 episcopus,
1380 2750 1496 2798 servus
1504 2750 1676 2797 servorum
1686 2735 1759 2808 Dei,

967 2830 1097 2892 dilectis
1112 2831 1228 2892 111116...
1245 2832 1371 2894 decano
1386 2833 1419 2894 61
1435 2832 1606 2893 canonicis
1626 2833 1761 2894 Westa-

966 2927 1144 2998 rieneibus,
1161 2929 1349 2995 salutemet
1363 2929 1587 3006 apostolicam
1602 2929 1761 2992 benedic-

965 3026 1102 3088 tionem.

1005 3125 1085 3183 Cum
1104 3139 1124 3184 a
1146 3123 1242 3184 nobis
1264 3123 1387 3199 petitur
1406 3123 1492 3200 quod
1511 3124 1637 3201 Justum
1655 3125 1707 3186 661
1728 3123 1762 3186 61

965 3220 1152 3294 honestum,
1168 3221 1236 3282 tam
1250 3221 1347 3296 vigor
1365 3221 1543 3298 aequitatis,
1560 3237 1659 3298 quam
1679 3221 1760 3282 ordo

965 3319 1071 3394 exigit
1084 3318 1237 3390 rationls,
1259 3320 1295 3380 ut
1308 3317 1341 3379 id
1362 3335 1422 3396 per
1436 3319 1694 3381 sollicitudinem
1709 3319 1762 3380 61-

965 3415 1032 3476 11611
1048 3416 1154 3477 666111
1167 3416 1208 3476 ad
1221 3415 1367 3477 debitum
1381 3415 1583 3492 perducatur
1594 3417 1759 3478 effectum.

965 3513 1160 3591 Idapropter,
1186 3512 1299 3573 dilecti
1321 3512 1357 3572 in
1381 3514 1520 3573 Domino
1542 3509 1613 3584 alti,
1639 3513 1760 3573 1661116

960 3609 1061 3687 justis
1090 3608 1370 3686 postulationibus
1397 3610 1492 3685 grato
1522 3597 1768 3688 ¹concurrentes⁴

963 3721 1114 3778 assensu,
1149 3706 1377 3783 parochialem
1413 3707 1589 3768 ecclesiam
1622 3708 1760 3769 1116616-

963 3805 1119 3876 alensem,
1141 3803 1182 3865 ad
1201 3819 1261 3864 166
1276 3805 1309 3866 61
1325 3804 1470 3866 nestram
1492 3804 1667 3866 ecclesiam
1682 3819 1761 3882 per-

110 3913 164 3971 1116
177 3911 309 3970 concedit
329 3919 361 3969 ut
379 3911 506 3970 redditus
526 3911 665 3985 quosdam
684 3910 858 3968 6616611116
873 3909 909 3968 ad
962 3888 1135 3968 tinentem.
1152 3902 1239 3963 sicut
1253 3917 1326 3963 eam
1344 3903 1445 3980 juste,
1463 3903 1624 3964 canonice
1641 3917 1680 3963 ac
1696 3917 1761 3980 pa-

149 4001 386 4059 sustentationem
406 3999 524 4058 11611661
539 4007 568 4058 61
587 3999 731 4073 hospitum
747 3998 907 4071 deputatas,

146 4103 221 4160 quos
240 4087 408 4159 quibusdam
423 4086 609 4144 familiaribus
627 4087 697 4156 suis,
714 4084 808 4158 quoad
826 4085 906 4143 vive·

146 4183 222 4244 1661,
236 4182 449 4245 concesserant,
464 4175 499 4232 ad
514 4190 582 4233 6666
597 4173 761 4248 hujusmodl
780 4174 909 4232 revocari

147 4265 271 4336 possint.

963 3999 1058 4061 611166
1079 3998 1268 4077 possidetis,
1294 3999 1327 4061 et
1353 4000 1388 4060 in
1415 3999 1536 4062 litteris
1558 3999 1760 4062 venerabilis
1816 4017 1817 4020 ¹

964 4096 1077 4158 fratris
1102 4097 1246 4158 nostri...
1275 4099 1492 4158 Treverensis
1517 4097 1760 4174 archiepiscopi

963 4194 1085 4256 dicitur
1103 4194 1234 4270 plenius
1257 4195 1433 4266 contineri,
1450 4195 1555 4267 vobis,
1574 4197 1606 4256 et
1620 4209 1680 4270 per
1698 4209 1758 4256 166

963 4291 1070 4352 eidem
1085 4290 1235 4351 ecclesiae
1250 4291 1382 4362 1661166,
1399 4291 1597 4352 auctoritate
1611 4291 1757 4367 Aposto-

148 4390 319 4451 Honorius
329 4391 515 4468 episcopus,
525 4405 640 4452 661166
651 4403 823 4450 66116166
835 4388 906 4460 Dei,
962 4388 1027 4449 lica
1040 4387 1275 4449 confirmamus
1287 4389 1322 4448 61
1336 4387 1512 4463 praesentis
1527 4389 1642 4464 scripti
1657 4387 1759 4464 privi-

109 4486 244 4548 dilectis
268 4486 347 4546 tiliis
371 4487 482 4548 abbati
504 4487 537 4547 et
560 4485 739 4548 conventui
763 4485 804 4545 de
825 4487 910 4546 Pas·
962 4484 1051 4560 legio
1086 4483 1339 4545 communimus.
1382 4483 1475 4544 Nulli
1508 4499 1588 4560 ergo
1623 4483 1758 4546 666166

109 4583 206 4655 66161,
221 4583 451 4644 cluniacensis
466 4582 604 4656 ordinis,
617 4583 758 4645 salutem
770 4582 909 4658 etipos·
962 4581 1132 4642 bominum
1148 4580 1248 4642 liceat
1264 4581 1351 4645 hanc
1365 4581 1522 4658 paginam
1540 4582 1663 4644 nostrae
1679 4597 1761 4643 eou-

109 4680 249 4742 tolicam
264 4679 539 4742 benedictionem.

148 4781 179 4839 A
213 4777 309 4839 nobis
338 4777 510 4838 humiliter
537 4776 741 4853 postulastis,
770 4776 806 4837 ut
834 4791 908 4836 cum

110 4889 211 4937 nemo
236 4875 361 4936 sentire
385 4874 502 4936 debeat
523 4889 593 4935 suaa
616 4873 829 4935 liberalitatis
852 4873 909 4933 in·

111 4972 334 5044 commodum,
359 4989 401 5032 ne
426 4973 469 5033 sit
496 4969 724 5032 munificentia
748 4969 906 5047 captiosa,

110 5070 151 5132 de
167 5073 281 5131 nostra
292 5070 427 5146 possitis
442 5069 577 5130 licentia
588 5067 736 5130 redditus
748 5067 908 5144 quosdam

110 5168 315 5230 monasterio
337 5169 450 5228 166116
474 5167 516 5228 ad
540 5166 815 5228 sustentationem
839 5163 909 5224 lra-

110 5267 200 5328 1166
209 5266 242 5326 61
250 5263 415 5342 hospitum
423 5264 608 5341 deputatos,
620 5277 703 5340 quos
711 5261 907 5340 quibusdam

962 4678 1160 4740 firmationis
1171 4677 1367 4753 intringere,
1378 4677 1431 4739 ael
1442 4678 1474 4739 ei
1485 4694 1570 4740 ausu
1580 4680 1759 4741 temerario

963 4775 1142 4838 contraire.
1160 4775 1195 4836 Si
1210 4774 1284 4852 quis
1297 4777 1408 4836 autem
1423 4775 1487 4836 hoc
1499 4777 1663 4838 attentare
1678 4793 1760 4852 praa-

963 4873 1150 4950 sumpserit,
1162 4871 1425 4948 indignationem
1437 4872 1672 4949 omnipotentie
1685 4871 1760 4947 Dei,¹

963 4970 996 5032 et
1017 4969 1190 5030 beatorum
1215 4969 1305 5030 Petri
1332 4970 1365 5031 et
1398 4969 1495 5030 Pauli
1531 4970 1758 5047 apostolorum

963 5070 1046 5143 ejus,
1066 5082 1102 5126 se
1121 5067 1254 5128 noverit
1270 5065 1495 5128 incursurum.
1521 5049 1639 5128 Datum
1659 5067 1759 5127 Late-

962 5164 1048 5236 rani,
1064 5165 1142 5224 Xlll
1157 5163 1319 5226 kalendas
1335 5165 1425 5243 Julii,
1447 5163 1658 5240 pontificatus
1677 5179 1758 5226 nos-

962 5263 1007 5325 tri
1019 5277 1107 5323 6666
1123 5261 1260 5324 decimo.
