4114 6322
321 331 379 394 127

623 493 811 582 CLXXVI

322 654 374 713 Ad
392 649 546 712 moelem
567 649 602 708 S·
624 646 801 716 Pontiani,
824 646 858 705 S.
881 645 1058 704 Michaelis
1077 640 1111 702 ei

422 750 457 808 S.
480 745 665 820 separata
683 746 823 818 priores
843 745 1009 803 Lucanos.

607 875 643 934 20
653 875 716 948 julil
735 873 814 932 ¹226.

398 993 547 1060 illitterati,
559 990 653 1042 nuel.
671 989 823 1046 camaldul„
836 988 879 1047 lv,
892 1001 951 1052 epp.
963 985 1029 1046 tid]

317 1113 367 1170 liis
392 1124 510 1169 causam
535 1106 647 1164 abbatis
677 1110 893 1174 conventusque
915 1101 944 1159 S.
974 1099 1050 1158 Petri
1074 1097 1110 1156 de

353 1199 483 1257 Pozenlis
502 1203 600 1253 contra
618 1206 770 1250 mmmune
786 1191 821 1248 de
839 1190 1001 1258 viviuaria,
1023 1201 1109 1260 super

352 1287 494 1344 divisione
516 1281 664 1357 cuiusdam
686 1282 813 1338 nemoris
834 1285 1008 1346 vertentem,
1033 1275 1105 1348 diju-

352 1373 502 1432 dicandam
524 1370 684 1430 committit.

355 1482 1105 1567 Honoriusepiscopus,servassemorumbei,

315 1589 445 1650 dilectis
471 1587 550 1647 aliis
553 1629 612 1646 .....
638 1583 750 1645 abbati
779 1581 893 1643 Sancti
929 1579 1104 1651 Pontiani,

315 1687 430 1750 Sancti
466 1683 660 1754 Michaelis,
703 1683 737 1743 et
770 1680 900 1741 Sanctae
930 1679 1106 1756 Reparatae

314 1783 482 1862 prioribus
501 1781 661 1852 Lucanis,
678 1779 832 1850 salutem,
849 1777 911 1838 etc.

354 1880 529 1953 Querelam
554 1877 750 1939 dilectorum
769 1875 914 1936 illiorum
917 1917 977 1934 .....
1000 1871 1105 1934 abba·

312 1979 357 2042 tie
382 1980 415 2040 et
438 1975 619 2039 conventus
640 1973 753 2036 Sancti
777 1972 868 2034 Petri
892 1971 932 2032 de
953 1969 1105 2032 Pozenlis

313 2075 501 2153 recepimus
517 2073 751 2142 continentem,
769 2069 855 2148 quod
875 2082 1049 2130 commune
1064 2067 1104 2128 de

311 2173 496 2242 Vivinaria,
514 2174 577 2232 P...
593 2171 657 2230 B...
674 2169 736 2230 Ε..
754 2168 787 2228 et
801 2166 935 2244 quidam
954 2165 1013 2226 alii
1033 2167 1103 2225 Lu·

311 2285 405 2332 oanae
434 2267 588 2330 dioecesis
617 2281 718 2344 super
742 2265 906 2326 divisione
931 2261 1103 2340 quusdam

310 2367 469 2434 nemoris,
490 2363 690 2436 bominibus,
717 2361 915 2434 redditibus,
944 2360 977 2422 et
1003 2359 1103 2422 rebus

311 2465 389 2526 aliis
409 2463 612 2540 injuriantur
642 2460 778 2522 eisdem.
808 2459 948 2536 ideoque
971 2457 1101 2518 discre-

308 2562 395 2624 tioni
407 2561 526 2623 vestrae
539 2575 599 2638 per
612 2555 801 2634 Apostolioa
818 2555 941 2632 scripta
961 2554 1102 2616 manda-

309 2675 396 2730 mus,
411 2659 573 2735 quatenus
588 2655 736 2732 partibus
747 2651 1101 2724 convocatis,audiatis

309 2771 456 2828 causam,
473 2757 506 2816 et
520 2753 742 2831 appellatione
760 2751 887 2812 remota
907 2750 972 2810 iine
991 2747 1100 2810 debito

307 2851 505 2924 terminetis,
518 2849 688 2921 iacientes,
703 2849 788 2927 quod
801 2845 1025 2919 decreveritis,
1042 2861 1102 2922 per

308 2965 484 3012 censuram
528 2947 788 3010 ecclesiasticam
814 2945 955 3006 tirmiter
980 2943 1099 3005 obser-

307 3047 392 3120 vari,
409 3047 543 3124 proviso
558 3047 685 3116 tamen,
705 3059 748 3106 ne
768 3043 802 3104 in
820 3057 992 3104 commune
1008 3055 1099 3118 prae-

308 3145 433 3206 dictum
458 3142 628 3204 interdicti
658 3141 713 3202 vel
748 3136 1099 3202 excommunicationis

308 3240 491 3302 sententias
502 3237 692 3315 proferatis,
705 3237 772 3298 nisi
782 3251 882 3312 super
894 3235 957 3295 boo
969 3250 989 3294 a
1002 3232 1098 3294 nobis

306 3337 498 3398 mandatum
521 3334 716 3412 receperitis
731 3333 886 3410 speciale.
902 3331 1017 3393 Testes
1032 3345 1097 3392 au-

934 322 1110 386 HONORII
1131 323 1176 384 111
1197 321 1346 386 OPERA.

1910 283 2047 376 ies'

1165 497 1225 544 nos
1240 481 1379 560 oportet,
1392 481 1425 544 et
1437 479 1558 543 stratas
1572 477 1722 558 publicas
1734 476 1844 540 debita
1859 491 1974 539 secu-

1164 579 1263 642 ritate
1277 579 1373 650 tueri‚
1391 580 1513 656 quanto
1527 577 1561 638 id
1580 577 1622 638 ad
1643 579 1804 653 majorem
1820 575 1972 637 utilita-
2045 583 2047 632 l

1164 677 1230 737 tem
1258 677 1360 738 totius
1388 675 1501 752 populi
1534 673 1714 736 Christiani
1749 672 1973 748 dignoscitur

1164 773 1362 847 redundare,
1391 789 1431 834 ac
1457 788 1478 834 a
1504 769 1805 849 praedecessoribus
1831 769 1970 832 nostris

1164 869 1287 932 iactum
1314 872 1365 932 ost
1395 871 1555 932 hactenus
1584 871 1616 930 et
1643 885 1663 930 a
1687 867 1783 930 nobis
1810 868 1970 929 sollicite

1164 969 1389 1046 procuratum,
1413 968 1470 1046 qui
1489 969 1541 1029 ter
1565 967 1601 1028 in
1624 982 1723 1038 anno,
1740 965 1906 1028 videlicet
1931 965 1969 1026 in

1163 1067 1217 1128 die
1243 1068 1351 1128 Coenae
1376 1065 1574 1136 Dominicae‚
1606 1064 1690 1126 testo
1718 1063 1966 1134 ascensionis,

1164 1163 1413 1226 consecratione
1435 1162 1583 1223 basilicae
1604 1161 1692 1222 beati
1715 1162 1817 1232 Petri,
1832 1161 1970 1222 solem-

1162 1261 1250 1323 niter
1264 1263 1427 1338 praesente
1440 1260 1509 1322 toto
1522 1258 1655 1336 populo,
1672 1259 1729 1336 qui
1747 1258 1788 1318 de
1811 1257 1967 1319 diversis

1162 1358 1275 1420 mundi
1288 1357 1438 1435 partibus
1451 1359 1531 1418 tunc
1545 1356 1724 1426 concurrit,
1741 1371 1856 1416 omnes
1875 1355 1965 1417 vio-

1161 1455 1284 1517 latores
1296 1456 1476 1516 stratarum
1491 1469 1566 1515 cum
1579 1454 1649 1514 suis
1663 1452 1879 1530 complicibus
1896 1469 1966 1512 ex-

1162 1552 1472 1615 communicationis
1493 1551 1627 1614 vinculo
1642 1549 1850 1612 innodemus.
1866 1553 1964 1610 Sane

1161 1651 1249 1712 iilius
1277 1649 1395 1720 Belial,
1418 1650 1610 1710 'tancredus
1624 1647 1665 1709 de
1689 1647 1862 1724 campilio,
1892 1648 1964 1710 boc

1161 1748 1247 1811 sicut
1269 1747 1427 1810 convenit
1446 1761 1513 1808 non
1528 1745 1713 1818 attendens,
1737 1761 1844 1822 nuper
1858 1746 1961 1806 mili-

1159 1845 1229 1907 tum
1243 1845 1414 1908 Bertboldi
1435 1843 1646 1905 multitudine
1658 1841 1816 1914 sociatus,
1830 1841 1961 1903 multos

1159 1943 1227 2006 tam
1248 1943 1371 2004 nostrae
1394 1941 1542 2014 iamiliae,
1566 1957 1664 2020 quam
1679 1941 1764 2002 alios
1778 1941 1959 2003 venientes

1159 2040 1378 2103 etredeuntes
1393 2039 1435 2101 ab
1449 2039 1638 2117 Apostoliea
1655 2039 1738 2100 Sede
1753 2039 1851 2116 cepit,
1869 2053 1960 2115 quos

1158 2153 1218 2216 per
1238 2138 1335 2200 devia
1358 2138 1482 2198 ducens
1506 2137 1539 2200 et
1560 2137 1758 2214 campilium
1781 2135 1831 2197 ire
1852 2151 1956 2197 com-

1158 2236 1296 2314 pellens,
1319 2234 1476 2312 gravibus
1495 2233 1632 2296 affectos
1647 2233 1782 2310 injuriis
1806 2233 1848 2294 ad
1863 2235 1956 2294 Ber-

1157 2333 1306 2396 tholdum
1329 2332 1438 2394 media
1455 2333 1551 2394 nocte
1571 2331 1767 2404 transmisit,
1791 2330 1847 2408 qui
1863 2346 1957 2408 prm-

1157 2433 1344 2507 sumptione
1373 2429 1556 2491 damnabili
1576 2444 1691 2490 omnes
1716 2429 1865 2505 ipsorum
1893 2427 1956 2488 lit-

1156 2529 1245 2590 teras
1260 2527 1453 2604 impetratas
1467 2543 1487 2587 a
1502 2527 1597 2588 nobis
1609 2526 1730 2603 inspici
1746 2525 1884 2596 iaciens,
1907 2541 1954 2586 ex

1156 2625 1205 2685 eis
1220 2639 1279 2701 per
1291 2622 1451 2684 officiales
1467 2637 1557 2690 suos,
1574 2637 1640 2684 non
1657 2619 1730 2683 sine
1741 2621 1837 2697 gravi
1852 2619 1952 2681 Sedis

1155 2720 1352 2797 Apostolicae
1381 2719 1580 2796 contemptu,
1615 2719 1688 2780 iteri
1723 2718 1802 2780 lecit
1835 2733 1953 2778 coram

1155 2817 1284 2880 cuncis
1305 2816 1492 2878 astantibus
1514 2815 1717 2876 audientiam
1736 2813 1949 2890 generalem:

1155 2915 1241 2993 quod
1263 2915 1322 2976 vix
1345 2914 1471 2990 estqui
1493 2911 1640 2990 ambigat
1662 2913 1735 2974 sine
1756 2913 1813 2974 tua
1829 2913 1951 2972 conni-

1153 3009 1265 3072 ventia
1292 3008 1366 3070 lieri
1388 3008 1552 3084 potuisse,
1586 3007 1731 3068 maxime
1766 3023 1841 3068 cum
1865 3009 1949 3068 Ber-

1154 3107 1302 3180 tholdus,
1328 3106 1385 3183 qui
1418 3105 1482 3168 boc
1507 3119 1592 3166 ausu
1622 3103 1751 3166 nefario
1780 3105 1947 3165 attentare

1154 3203 1414 3282 praesumpserit,
1439 3203 1583 3263 sitinus
1612 3202 1753 3262 nuncius
1776 3200 1945 3276 specialis,

1153 3301 1186 3364 et
1207 3315 1319 3362 eoram
1344 3299 1529 3362 astantibus
1556 3299 1769 3376 proposuisse
1801 3297 1945 3365 dicatur,

1153 3400 1345 3477 praedictum
1364 3399 1571 3460 Tancredum
1591 3397 1714 3458 habere
1738 3397 1809 3458 aie
1829 3397 1947 3458 contra

1153 3499 1261 3560 certas
1276 3511 1437 3575 personas
1451 3495 1600 3558 violandi
1621 3495 1758 3558 stratam
1773 3493 1946 3556 licentiam

1152 3595 1341 3672 specialem.
1358 3595 1395 3654 In
1410 3609 1474 3672 quo
1488 3595 1646 3670 quantum
1661 3592 1828 3670 imperiali
1840 3591 1944 3653 celsi-

1151 3691 1260 3755 tudini
1279 3691 1468 3768 derogetur,
1488 3705 1563 3750 cum
1578 3690 1745 3768 inquietos
1762 3689 1943 3765 corripere,

1152 3805 1218 3850 non
1230 3788 1353 3860 lovere,
1370 3804 1410 3850 ac
1422 3785 1592 3848 maleficos
1605 3789 1638 3848 et
1653 3801 1868 3864 oppressores
1886 3787 1944 3846 in-

1151 3883 1942 3962 nocentiumpersequtionearis,nectuignoras,

569 3997 829 4072 imperatorem,
1151 3999 1213 4045 nec
1227 3999 1287 4045 nos
1302 3983 1400 4044 atrox
1413 3981 1537 4059 injuria
1553 3981 1587 4041 in
1603 3981 1666 4042 boc
1686 3980 1841 4042 Ecclesiae
1855 3981 1946 4040 irro-

476 4097 479 4104 ·
605 4127 637 4185 Ἠ
658 4126 718 4184 'ulit
733 4127 802 4184 liiii
1150 4081 1228 4156 gata
1242 4080 1367 4156 patitur
1385 4079 1552 4155 ignorare.
1571 4081 1652 4138 Cum
1671 4078 1774 4154 igitur
1786 4077 1872 4138 nibil
1886 4078 1942 4150 sit,

435 4243 440 4254 ,
651 4142 693 4252 ,1,
805 4169 839 4251 “,
1150 4193 1214 4254 quo
1232 4176 1337 4252 magis
1352 4177 1509 4250 tangatur
1526 4175 1631 4237 status
1650 4174 1819 4246 Ecclesiae,
1842 4189 1943 4252 quam

367 4241 895 4308 [11111111011·1““11“1111“Ψ“1111’1’
911 4241 1033 4306 81111]
1149 4275 1179 4334 si
1190 4273 1375 4336 viatoribus
1392 4275 1425 4335 et
1446 4273 1634 4350 peregrinis
1658 4271 1822 4333 securitas
1846 4271 1942 4332 auie-

302 4361 345 4419 Νθ
360 4357 520 4432 agentibus
531 4359 591 4416 ⁸⁰5⁸
600 4358 783 4416 militem
794 4357 905 4415 Vivum
918 4357 1094 4431 bublissifflm
1149 4373 1253 4443 ratur,
1266 4371 1299 4432 et
1308 4369 1495 4432 litterarum
1507 4369 1613 4446 ipsius
1626 4368 1748 4430 violari
1758 4367 1942 4428 auctoritas

355 4447 386 4504 in
397 4448 524 4506 dominio
541 4447 677 4506 Romane
691 4446 826 4504 Ecclesia
840 4446 941 4504 violari
955 4446 1040 4504 sinat.
1148 4467 1349 4536 attentetur,
1385 4465 1599 4527 serenitatem
1632 4465 1724 4526 guam
1756 4463 1941 4540 rogandam

342 4563 509 4624 Honorius
533 4564 719 4640 episcopus,
747 4563 822 4635 etc„
853 4563 1027 4624 carissimo
1058 4563 1091 4624 in
1148 4564 1304 4626 duximus
1317 4563 1351 4625 et
1362 4561 1573 4634 monendam,
1585 4564 1748 4639 quatenus
1761 4562 1827 4622 tam
1841 4577 1942 4622 enor-

302 4657 434 4720 Cbristo
456 4657 525 4718 illio
541 4657 730 4728 Frederico,
756 4657 878 4717 illustri
901 4657 1093 4733 imperatori
1147 4677 1233 4723 mem
1255 4675 1427 4722 excessum
1454 4659 1556 4721 celeri
1579 4658 1809 4720 emendatione
1830 4658 1941 4719 corri-

303 4753 851 4830 sempsraugustoetregiSiciliae,
865 4753 1091 4826 salutemetc.
1148 4773 1226 4834 gere
1252 4757 1402 4830 studeas,
1430 4756 1467 4817 ut
1485 4755 1672 4833 peregrinis
1701 4755 1833 4832 petendi
1861 4771 1940 4816 ora·

342 4851 423 4910 Clam
445 4849 597 4912 omnibus
621 4850 780 4928 injuriam
801 4850 1002 4927 patientibus
1030 4865 1093 4927 pa·
1146 4853 1274 4914 tionum
1296 4853 1472 4929 suflragia,
1498 4854 1532 4914 et
1554 4851 1722 4929 oppressis
1747 4851 1939 4928 postulandi

300 4947 397 5009 terno
423 4947 664 5022 compatiamur
684 4947 817 5018 affectu,
841 4948 875 5009 et
897 4947 1093 5024 gravamina
1143 4951 1307 5027 justitiam
1327 4950 1469 5028 alicujus
1493 4965 1577 5010 ausu
1596 4948 1775 5011 temerario
1797 4947 1938 5009 facultas

302 5043 521 5120 singulorum,
538 5043 635 5119 prout
652 5043 693 5102 ad
709 5045 859 5104 nostrum
874 5044 1000 5120 spectat
1015 5044 1092 5106 oid·
1147 5047 1257 5108 debita
1278 5063 1345 5108 non
1371 5048 1511 5122 negetur
1539 5067 1546 5107 ε
1574 5045 1735 5123 alioquin,
1762 5061 1837 5106 cum
1864 5045 1937 5106 baec

301 5139 405 5212 cium,
427 5140 570 5202 sollicite
584 5154 840 5217 prosequamur,
867 5141 1037 5202 molestias
1060 5143 1093 5204 et
1146 5143 1332 5206 incorrecta
1347 5145 1537 5221 relinquere
1557 5159 1624 5205 non
1639 5143 1816 5220 possimus,
1841 5141 1937 5216 cogi-

295 5237 459 5314 jacturas,
475 5253 548 5314 quoe
563 5235 747 5298 viatoribus
771 5239 803 5297 et
822 5237 1007 5312 prasertim
1029 5253 1090 5298 ve·
1145 5240 1300 5314 labimus,
1315 5241 1458 5319 qualiter
1476 5241 1521 5302 sit
1539 5239 1581 5302 ad
1603 5239 1843 5301 correctionem
1859 5240 1937 5300 tan-

300 5332 467 5395 nientibus
483 5334 523 5394 ad
539 5333 655 5394 sedem
669 5333 893 5410 apostolicam
906 5335 939 5398 et
948 5334 1092 5395 redeun·
1144 5339 1253 5400 torum
1267 5353 1463 5400 excessuum
1474 5337 1729 5416 procedendum.
1745 5337 1862 5396 Datum
1876 5337 1936 5396 La·

300 5425 388 5491 tibus
407 5430 607 5504 inseruntur,
624 5433 716 5492 tanto
731 5430 920 5493 accuratius
935 5433 1091 5510 prosequi
1145 5433 1265 5505 terant,
1281 5437 1342 5498 XII
1359 5435 1426 5496 kal.
1444 5435 1691 5510 augustissumo
1709 5431 1848 5495 decimo.

305 3435 384 3506 tem
405 3435 467 3496 etc.
493 3435 611 3495 Datum
637 3431 804 3504 Laterani,
831 3431 908 3490 Xlll
936 3427 1097 3490 kalendas

306 3531 450 3608 augusti,
467 3529 679 3610 pontificatus
695 3528 801 3590 nostri
819 3543 906 3590 anno
922 3525 1062 3588 decimo.

599 3751 807 3840 CLXXVII

417 3903 469 3964 Ad
491 3905 727 3972 Fredcmcum,
750 3903 985 3962 Romanorum
