4174 6324
269 337 310 398 83
885 335 1063 400 Homolen
1084 337 1131 398 111
1152 338 1299 402 OPERA.
1874 343 1921 404 84

268 495 381 572 guent,
411 509 547 558 moneas
569 493 750 558 efficaciter
772 496 807 558 01
828 494 979 570 inducas,
1002 511 1061 560 eos

268 593 311 654 ad
325 591 369 666 id,
382 594 410 654 si
419 594 553 656 monitis
561 593 772 670 acquiescere
781 609 848 656 non
854 593 1059 666 curaverint,

269 705 517 768 percensuram
538 690 809 764 ecclesiastcam,
836 691 1061 768 appellatione

268 789 407 858 remota,
424 787 557 862 cognita
571 789 723 859 veritate,
749 789 962 865 compellens.
990 791 1060 850 Da-

269 883 338 944 tum
370 885 537 954 Laterani,
561 887 590 944 11
623 886 698 946 idus
733 885 825 958 maii,
850 885 1061 963 pontificatus

270 981 376 1042 nostri
391 997 479 1044 anno
494 983 633 1044 decimo.

598 1195 735 1281 CXLII

269 1331 321 1390 Act
333 1331 510 1402 decainnn,
533 1333 813 1390 archidiaconum
827 1329 861 1390 01
880 1327 1061 1403 officiatem

548 1429 776 1488 Turonenses.

563 1557 597 1614 11
610 1556 678 1614 maii
689 1556 767 1616 1226.

298 1675 407 1742 [neget.
421 1677 466 1729 lib.
479 1677 511 1738 ll,
522 1678 595 1742 epist.
616 1678 671 1730 267.
685 1681 743 1730 llss.
756 1679 792 1729 La
801 1679 876 1728 Porta
887 1678 920 1729 dn
936 1677 1029 1742 lircil]

268 1801 384 1862 Mandat
407 1803 449 1860 eis
469 1811 501 1861 ut
520 1811 666 1873 statutum,
694 1818 749 1876 quo
769 1805 862 1860 nullus
887 1803 915 1859 10
939 1801 1059 1860 ecclesia

303 1891 511 1950 Cenomanensi
530 1892 685 1948 canonicus
700 1889 806 1947 fructus
824 1905 883 1947 suae
900 1887 1060 1962 prebende

303 1993 354 2050 per
375 1993 450 2035 anno
471 1993 527 2052 quo
546 1977 730 2036 residentiam
752 1985 816 2034 octo
839 1979 979 2034 mensium
1002 1991 1060 2034 non

303 2065 424 2136 lecisset,
442 2067 587 2140 percipere
604 2075 714 2140 poterat
737 2067 936 2124 inviolabiliter
955 2064 1061 2123 iaciant

301 2153 457 2213 observarl.

305 2281 483 2354 Honorius
506 2283 581 2354 010,
599 2281 728 2344 dilectis
752 2281 867 2344 filiis...
893 2281 1057 2342 decano...

265 2379 512 2452 archidiacone,
538 2379 607 2441 et...
633 2379 771 2440 oiflciali
796 2379 1057 2448 Turonensibus,

268 2475 410 2538 salutem
423 2479 456 2539 et
467 2477 690 2554 apostolicam
702 2477 977 2538 benedictionem.

306 2574 425 2635 Dilecti
441 2573 538 2634 lilii...
561 2575 688 2642 cantor,
705 2575 774 2635 01...
795 2573 955 2650 magister
982 2589 1058 2633 sco-

266 2669 386 2742 larum,
403 2671 583 2748 etquidem
599 2671 659 2731 alii
669 2671 821 2730 canonici
832 2671 1060 2732 Cenomanen-

267 2782 322 2828 ses
338 2784 398 2828 sua
416 2767 509 2829 nobis
526 2768 685 2846 petitione
709 2768 947 2836 monstrarunt,
973 2767 1058 2844 quod

267 2880 342 2925 cum
365 2863 406 2926 ab
433 2865 511 2927 olim
527 2867 685 2927 statutum
706 2865 749 2928 sit
769 2865 804 2926 in
819 2865 1059 2926 cenomanensi

267 2959 420 3034 ecclesia,
437 2965 469 3024 01
483 2961 674 3024 roboratum
696 2963 796 3023 etlam
804 2961 1004 3040 juramenta,
1020 2977 1059 3021 ac

266 3074 285 3118 a
311 3057 394 3120 Sede
418 3059 606 3136 Apostolica
622 3059 862 3132 confirmatum,
886 3059 922 3120 ut
948 3059 1059 3118 nullus

267 3157 447 3216 canonicus
456 3157 563 3232 ipsius
576 3156 725 3217 ecclesiae
736 3156 862 3216 fruetus
874 3155 1059 3231 praebendae

268 3267 338 3312 snae
351 3252 514 3328 percipiat
526 3269 565 3314 eo
579 3269 665 3313 anno
679 3269 743 3329 quo
756 3251 969 3313 residentiam
986 3251 1058 3312 octo

267 3349 432 3410 mensium
447 3365 514 3410 uon
529 3349 645 3411 lecerit
659 3349 693 3409 in
709 3349 861 3410 eadem...
874 3347 1010 3420 decano,
1027 3352 1060 3410 et

265 3445 461 3522 quibusdam
476 3446 552 3508 aliis
567 3447 738 3508 canonicis
749 3447 897 3523 ejusdem
907 3445 1058 3507 ecclesiae

266 3541 456 3618 hujusmodi
483 3545 642 3606 statutum
674 3543 855 3620 infringere
889 3544 1058 3605 attentan-

265 3638 391 3701 tibus...
407 3641 523 3702 oantor
533 3642 566 3702 et
579 3641 638 3700 alii
654 3640 837 3717 supradicti
852 3641 1059 3702 attendentes

267 3737 352 3813 quod
381 3753 424 3799 ax
457 3738 519 3798 hoc
552 3738 691 3814 perjurii
724 3738 853 3798 reatum
885 3739 1059 3800 incurrere

264 3833 472 3906 videbantur,
490 3835 521 3896 01
537 3833 622 3911 quod
636 3835 670 3894 in
680 3834 785 3910 ipsine
801 3834 951 3896 ecclesiae
971 3850 1060 3909 prae-

260 3931 425 4007 judicium
451 3931 667 3997 redundabat,
693 3946 735 3989 00
763 3931 921 3990 statutum
950 3930 1059 4007 ipsum

266 4027 497 4102 infringerent,
515 4028 663 4087 nostram
684 4025 888 4087 audientiam
903 4027 1057 4104 appella-

266 4125 355 4184 runt.
373 4123 535 4194 Quocirca
561 4123 755 4184 mandamus
770 4123 933 4200 quatenus
948 4124 1057 4185 statu-

266 4221 336 4280 tum
345 4221 465 4298 ipsum,
475 4220 561 4282 sicut
574 4220 839 4297 provideiactum
849 4221 909 4294 est,
920 4223 952 4284 et
962 4225 1059 4297 Apos-

265 4317 376 4392 tolicae
397 4317 492 4378 Sedis
506 4317 689 4380 munimine
715 4317 916 4390 roboratum,
943 4319 1059 4380 aucto-

265 4413 1056 4478 ritatenostraiaciatIsinviolabiliterobservari.

267 4511 357 4582 Quod
380 4511 408 4570 si
430 4528 496 4572 non
516 4527 641 4582 omnes,
668 4513 866 4574 stellatum
888 4512 1056 4585 Laterani,

208 4691 212 4696 Ι
266 4607 297 4668 il
309 4607 383 4668 idus
395 4607 487 4679 maii,
503 4624 591 4669 anno
607 4607 745 4669 decimo.

582 4847 741 4933 CXLIII

386 4992 438 5051 Ad
456 4989 649 5050 Henricnm
663 5003 781 5065 repent
796 4991 938 5066 Aeoliae.

558 5110 593 5168 11
607 5109 674 5168 maii
688 5109 767 5167 1116.

468 5224 581 5288 [1110100
593 5223 707 5282 Findere,
726 5223 746 5282 Ι,
763 5238 781 5282 ι,
792 5223 858 5286 titt]

267 5341 345 5400 Bulla
359 5339 394 5398 de
414 5353 470 5395 non
486 5337 656 5410 proterendo
668 5339 840 5396 sententiam
856 5338 997 5396 interdicti
1012 5346 1060 5396 aut

302 5427 608 5487 excommunicationis
631 5428 660 5484 in
684 5441 837 5500 personam
853 5427 930 5500 regin
945 5435 993 5485 aut
1010 5428 1056 5486 lti-

282 5572 285 5583 ‚
302 5517 401 5576 ohardi
416 5516 510 5576 fratris
524 5517 580 5574 sui.

308 5642 978 5720 Honoriusepisoopus,scrvuaservorum
987 5641 1056 5716 Dei,

1117 498 1291 560 carissimo
1317 499 1353 560 in
1373 497 1505 562 dinan
1526 499 1596 562 11110
1614 502 1770 574 Hadriae,
1784 500 1918 562 illustri

1116 597 1188 672 regi
1202 596 1345 672 Angliae,
1360 597 1500 660 salutent
1514 593 1555 660 et'
1564 599 1787 674 Apostolicam
1800 599 1917 660 bene-

1117 692 1306 754 dictionem.

1155 789 1323 862 volentes,
1336 791 1370 850 ln
1384 791 1504 867 quibus
1518 792 1699 853 secundum
1714 796 1816 854 Deum
1827 807 1916 870 pos-

1116 901 1242 958 sumus,
1258 889 1324 950 tuae
1348 887 1545 950 sublimitati
1570 889 1710 961 deferre,
1733 889 1917 950 mandavi-

1116 999 1189 1044 mus
1218 985 1338 1046 dilecto
1366 986 1436 1046 filio
1463 988 1575 1048 nostro
1602 989 1763 1058 Romano,
1794 986 1916 1047 Sancti

1116 1082 1234 1157 angeli
1249 1081 1390 1144 diacono
1410 1083 1583 1154 cardinali,
1597 1083 1797 1160 apostolicae
1812 1082 1915 1144 Sedis

1115 1178 1236 1253 legate,
1252 1181 1299 1248 ut,
1315 1180 1431 1241 contra
1444 1182 1549 1252 tuam,
1566 1181 1619 1240 101
1634 1180 1755 1240 nobilis
1767 1180 1832 1241 1111
1847 1179 1916 1242 Ri-

1116 1276 1208 1336 cardi
1230 1277 1360 1338 comitis
1376 1278 1545 1348 Pictariae,
1563 1277 1675 1338 fratris
1703 1277 1762 1348 101,
1790 1292 1914 1353 parso-

1116 1388 1205 1444 nam,
1231 1373 1272 1434 ad
1294 1374 1594 1446 denunciationem,
1616 1374 1913 1450 seuprolationem

1115 1471 1281 1545 generalis
1305 1473 1363 1534 aut
1383 1472 1539 1550 specialis
1570 1472 1743 1534 sententie
1771 1487 1913 1532 excom·-

1115 1568 1361 1640 municationis,
1372 1585 1431 1646 per
1441 1585 1489 1641 se,
1500 1570 1553 1630 vel
1563 1585 1622 1646 per
1636 1569 1739 1630 alium
1750 1580 1911 1645 nonpro-

1115 1665 1220 1737 cedat,
1242 1667 1309 1727 nisi
1334 1682 1434 1744 super
1461 1667 1524 1728 boo
1548 1666 1739 1726 mandatum
1763 1681 1783 1726 a
1808 1664 1909 1726 nobis

1115 1762 1278 1838 reciperet
1291 1763 1447 1840 speciale.
1472 1767 1522 1824 Tu
1544 1777 1623 1838 ergo
1637 1763 1812 1840 provideas
1827 1777 1869 1823 ne
1885 1775 1908 1823 3

1114 1860 1157 1930 10,
1174 1860 1226 1920 101
1251 1859 1292 1920 ab
1307 1861 1379 1936 ipso
1392 1860 1494 1922 110110
1509 1863 1565 1922 tuo
1578 1861 1703 1937 aliquid
1719 1860 1907 1922 attentare-

1113 1957 1178 2028 tur,
1193 1957 1422 2034 propterquod
1435 1973 1496 2018 nos
1511 1959 1748 2033 oportetsuper
1757 1956 1821 2026 hoo
1834 1971 1908 2032 spe-

1115 2053 1199 2114 ciale
1226 2054 1418 2115 mandatum
1434 2053 1542 2114 eidem
1566 2054 1710 2129 dirigere
1729 2053 1903 2114 cardInali.

1115 2151 1232 2212 Datum
1261 2152 1429 2224 Laterani,
1445 2151 1556 2212 idibus
1579 2151 1671 2223 maii,
1696 2151 1907 2228 pontificatus

1114 2248 1221 2308 nostri
1235 2263 1323 2310 anno
1334 2249 1473 2310 decimo.

1436 2507 1589 2594 CXLIV

1114 2657 1166 2718 Ad
1182 2659 1387 2729 Romanum,
1403 2657 1522 2718 Sernota·
1546 2659 1665 2732 sapen
1681 2659 1904 2728 cardinalem,

1371 2757 1409 2816 A.
1426 2757 1461 2814 S.
1477 2755 1638 2830 10001010.

1397 2884 1431 2942 le
1456 2883 1624 2942 00111216.

1250 3008 1460 3073 [6000001100.
1472 3007 1680 3066 10111101.,Χ1Χ,
1693 3007 1760 3072 lie]

1113 3131 1247 3191 Prohibet
1261 3133 1404 3190 Honorius
1419 3133 1485 3204 quin
1500 3147 1550 3189 rex
1564 3132 1677 3206 Augilas
1696 3139 1723 3189 et
1742 3131 1829 3190 irater
1843 3131 1907 3204 ejus

1147 3219 1288 3278 interdicti
1304 3227 1331 3278 et
1347 3221 1652 3278 excommunicationis
1671 3221 1801 3280 censuris
1814 3219 1905 3293 subji-

1147 3309 1259 3366 ciantur
1269 3307 1376 3380 absque
1391 3309 1508 3381 speciali
1522 3307 1666 3366 mandato.

1153 3443 1320 3505 Honorius
1345 3443 1520 3520 episcopus
1524 3487 1585 3504 .....
1613 3441 1733 3504 dilecto
1756 3441 1790 3504 et
1817 3441 1907 3503 iideli

1114 3543 1275 3611 Romano,
1298 3541 1411 3602 Sancti
1434 3540 1553 3616 Angeli
1575 3527 1715 3602 diacono
1731 3539 1905 3611 cardinali,

1113 3641 1151 3699 ll.
1167 3639 1200 3698 S.
1215 3637 1336 3712 legato,
1353 3638 1503 3710 salutem,
1517 3639 1579 3699 010.

1153 3735 1334 3796 Dicretioni
1368 3735 1434 3796 tuae
1469 3733 1665 3796 auctoritate
1693 3735 1905 3812 praesentium

1114 3833 1320 3899 mandamus.
1352 3833 1514 3909 quatenus
1541 3833 1656 3894 contra
1684 3832 1849 3893 carissimi
1871 3831 1907 3892 10

1114 3929 1244 3992 Christo
1271 3929 1332 3990 filii
1355 3931 1462 3991 nostri
1490 3929 1630 3990 illustris
1653 3929 1743 4006 regia
1765 3928 1904 4006 Angliae,

1113 4025 1166 4088 101
1190 4027 1312 4088 nobilis
1335 4027 1400 4089 1111
1429 4025 1565 4088 Ricardi
1593 4027 1723 4088 comitis
1747 4027 1905 4088 Pictariae

1114 4123 1226 4186 fratris
1248 4127 1330 4202 ejus,
1356 4137 1543 4200 personam,
1561 4123 1601 4184 ad
1618 4123 1906 4185 denunciationem

1113 4221 1165 4281 101
1178 4221 1397 4297 prolationem
1412 4221 1578 4296 generalis
1590 4221 1643 4284 101
1662 4221 1817 4298 specialis
1830 4236 1908 4280 sen-

1112 4318 1225 4380 tentiae
1250 4317 1614 4390 excommunicationis
1635 4318 1688 4378 101
1708 4333 1768 4395 per
1789 4319 1833 4390 te,
1853 4315 1907 4378 uel

1113 4431 1172 4491 per
1197 4416 1311 4487 allum,
1339 4431 1405 4476 non
1430 4415 1603 4493 procedas,
1627 4415 1692 4476 nisi
1719 4429 1818 4492 super
1842 4413 1907 4475 hoc

1113 4513 1305 4574 mandatum
1340 4515 1491 4574 nostrum
1526 4512 1714 4589 susceperis
1749 4511 1904 4588 speciale.

1112 4611 1232 4671 Datum
1253 4610 1422 4682 Laterani,
1437 4609 1545 4670 idibus
1562 4609 1651 4682 maii,
1667 4625 1754 4671 anno
1771 4607 1907 4686 pontill-

1114 4707 1207 4769 oatus
1218 4707 1323 4768 nostri
1336 4707 1474 4770 decImo.

1446 4909 1579 4998 CXLV

1186 5063 1544 5136 dearchiepiscopare
1561 5065 1832 5124 Narbonensem.

1194 5257 1199 5267 .
1401 5192 1435 5248 19
1450 5192 1517 5248 mali
1537 5193 1616 5250 1226.

1131 5313 1250 5379 [aegest.
1264 5313 1308 5363 lib.
1321 5314 1355 5374 X,
1372 5313 1511 5378 00111352.
1527 5315 1585 5366 llas.
1604 5313 1640 5364 La
1654 5315 1731 5365 Porto
1749 5314 1889 5382 derisit]

1149 5435 1282 5494 Decimae
1294 5435 1384 5508 ipsius
1395 5437 1525 5493 ecclesie
1535 5436 1702 5494 auctoritate
1710 5437 1872 5510 Apostolloe

1430 5524 1590 5582 confirmat.

1155 5641 1335 5713 Honorius,
1352 5643 1427 5714 ete,
1438 5641 1761 5706 venerabilisratri...
1775 5641 1909 5705 arehie-
