4174 6324
164 413 184 472 5
792 401 1020 466 EPISTOLAE.
1043 405 1121 464 LIB.
1144 404 1184 463 X.
1784 409 1803 467 6

163 568 289 629 circum
301 567 434 643 scripta,
447 567 554 644 ipsum
565 579 624 642 per
634 579 670 625 se
680 563 850 626 vinculum
861 563 956 639 quasi

163 681 224 742 pro
244 679 339 724 sacro
361 664 482 740 ubique
504 663 669 724 terrarum
685 661 877 737 algentium
893 661 956 720 ha-

162 761 293 832 beatur,
309 777 369 822 nec
385 761 562 822 estimetur
586 759 692 819 levem
714 761 825 818 notam
839 757 955 817 incur-

162 873 240 918 rere
273 857 470 936 quicumque
493 857 584 917 illius
611 855 775 917 exstiterit
802 855 954 915 violator.

163 955 258 1018 Unde
277 957 333 1031 qui
348 957 478 1016 veteres
493 955 664 1014 revolvere
680 953 768 1013 volet
786 952 953 1022 historiae,

162 1053 312 1113 inveniet
330 1051 450 1112 multos
467 1068 524 1127 pro
541 1051 598 1111 illo
614 1050 777 1111 servando
797 1049 955 1108 inhnma-

161 1150 216 1210 nis
236 1147 329 1218 cibis,
347 1151 485 1223 urgente
500 1147 681 1208 obsidionis
703 1147 956 1221 augustineac

162 1263 253 1318 usos,
273 1247 314 1317 et,
337 1246 402 1306 illis
421 1262 549 1322 quoque
563 1244 803 1314 deficientibus,
816 1244 956 1317 elegisse

162 1343 275 1420 potius
299 1343 385 1402 tame
408 1343 549 1402 deiicere
575 1358 672 1418 quam
696 1341 866 1402 fidelitatis
882 1341 957 1400 vin-

163 1440 276 1500 culum
291 1439 429 1500 violare.
446 1442 494 1499 Tu
516 1455 607 1500 vero.
624 1439 709 1500 sicut
730 1438 902 1498 carissimo
921 1437 956 1498 in

162 1537 295 1598 Christo
324 1537 393 1596 tilio
423 1537 538 1597 nostro
560 1534 720 1614 H(enrico
739 1533 805 1612 111)
833 1535 956 1596 illustri

161 1649 243 1709 rege
279 1633 460 1708 Anglorum
493 1635 729 1709 conquerente,
767 1631 954 1702 didicimus,

162 1730 237 1790 haec
251 1745 471 1806 nequaqnam,
490 1729 589 1805 prout
602 1731 634 1792 te
650 1729 824 1799 decuisset,
846 1729 957 1788 atten-

158 1827 259 1896 dens,
284 1827 476 1887 fidelitatem
505 1842 571 1902 qua
598 1827 663 1902 ipsi
690 1826 761 1900 regi
785 1825 955 1886 tenebaris

159 1923 350 1994 adstrictus,
365 1924 398 1984 et
412 1923 520 1982 adbuc
533 1937 662 1998 quoque
676 1921 811 1992 teneris,
827 1937 900 1982 cum
914 1920 955 1982 ab

160 2036 214 2092 ea,
242 2021 279 2081 nt
302 2020 459 2092 creditur,
482 2020 514 2080 te
540 2035 749 2095 nequaquam
762 2018 953 2090 absolverit,

158 2117 253 2178 nulla
270 2117 366 2177 lamis
381 2117 514 2192 nullave
530 2115 713 2176 obsidionis
735 2115 868 2176 cbactus
890 2131 954 2175 an-

159 2214 272 2290 gustia
286 2214 435 2288 violasti;
453 2215 568 2276 contra
586 2215 812 2290 juramentum
837 2229 901 2288 quo
924 2213 955 2272 te

159 2311 203 2372 ad
229 2311 321 2372 illam
342 2311 539 2372 servandam
564 2310 780 2382 astrinxeram
799 2309 895 2370 lamae
917 2325 955 2370 ac

159 2409 278 2470 salutis
293 2410 356 2468 tuae
371 2408 528 2484 prodigus
540 2407 716 2468 veniendo.

202 2507 282 2564 Cum
304 2505 406 2582 igitur
428 2505 548 2566 totiens
575 2507 713 2580 pejeras
733 2503 915 2580 quotienss
935 2534 954 2547 -

159 2603 254 2664 ciens
269 2601 315 2682 (1)
325 2604 440 2664 contra
456 2602 624 2664 fidelitatis
635 2602 858 2679 juramentum
875 2617 956 2678 prae·

159 2701 275 2760 stilum
290 2700 376 2761 dicto
390 2700 461 2776 regi
477 2699 536 2780 (2),
549 2716 620 2770 nos,
631 2700 688 2776 qui
701 2715 743 2760 ex
756 2698 865 2759 debito
878 2714 956 2775 pas-

157 2796 277 2858 toralis
305 2796 407 2857 cilicii
433 2798 585 2856 tenemur
606 2799 673 2856 Deo
699 2795 739 2856 de
766 2794 876 2855 anima
898 2797 954 2854 tua

158 2893 301 2954 reddere
325 2893 498 2964 rationem,
522 2895 590 2953 tam
612 2892 823 2952 manifestum
850 2891 954 2966 ipsius

157 2991 281 3052 animae
313 2991 379 3052 tuae
413 2990 597 3066 periculum
620 2990 691 3049 sine
713 2990 827 3048 nostro
850 2989 953 3048 dissi-

160 3089 291 3148 mulare
313 3087 460 3164 periculo
483 3103 548 3148 non
567 3087 727 3156 valentes
745 3085 955 3162 prudentiam

162 3187 257 3248 tuam
287 3185 531 3246 sollicitandam
567 3184 722 3244 duximus
752 3185 785 3244 et
816 3199 956 3242 aronen-

164 3283 251 3353 dam,
267 3297 326 3358 per
338 3282 527 3359 apostolica
543 3281 603 3342 tibi
616 3282 738 3358 scripta
752 3280 890 3340 firmiter
902 3280 956 3339 in-

157 3379 330 3455 jnngendo
350 3379 556 3450 mandantes,
578 3381 751 3454 quatenus
773 3377 869 3438 lamae
888 3377 954 3438 tuae

161 3477 339 3552 providens
368 3491 408 3537 ac
435 3476 545 3547 saluti,
574 3475 615 3536 ad
645 3475 836 3536 fidelitatem
851 3474 955 3549 ipsius

160 3574 261 3649 regis,
273 3574 448 3634 occasione
460 3573 723 3634 acescusatioue
735 3571 952 3641 cessantibus,

162 3669 292 3742 redeas,
310 3673 345 3730 ut
362 3670 498 3741 teneris,
521 3685 697 3745 servesque
718 3667 956 3728 inviolabiliter

163 3766 226 3826 sibi
240 3768 422 3843 praestitum
433 3767 669 3844 juramentum,
678 3766 868 3841 juramento
881 3779 955 3824 con·

163 3865 268 3925 trario
283 3879 350 3924 non
368 3863 530 3934 obstante,
547 3862 677 3938 siquod
694 3862 833 3923 forsitan
845 3876 954 3936 praes-

161 3959 268 4032 titisti,
287 3976 361 4021 cum
374 3960 527 4021 illicitum
541 3959 641 4020 suerit
660 3960 694 4020 et
707 3959 782 4019 ideo
796 3973 862 4018 non
878 3973 954 4017 ser-

160 4057 305 4118 vandum
316 4078 323 4116 :
333 4057 689 4118 salubresmonitiones
699 4056 829 4116 nostras
842 4054 956 4116 taliter

161 4154 346 4226 auditurus,
363 4154 460 4231 quod,
477 4153 712 4216 reconciliatus
727 4153 871 4222 terrene,
888 4167 956 4212 coe-

161 4251 238 4312 lesti
254 4267 383 4328 quoque
400 4251 613 4312 reconciliari
627 4250 766 4310 Domino
782 4249 952 4318 merearis

164 4349 274 4409 sciens
299 4365 359 4409 nos
383 4347 629 4409 venerabilibus
652 4345 809 4407 iratribus
832 4345 955 4406 nostris

160 4445 307 4522 aquensi
330 4445 361 4506 et
384 4444 559 4506 vasatensi
584 4443 758 4520 episcopis,
780 4443 813 4504 et
836 4442 954 4502 dilecto

161 4541 231 4602 filio
257 4541 494 4602 archidiacono
521 4540 706 4610 vasatensi,
735 4555 796 4615 per
823 4541 954 4600 nostras

160 4638 291 4700 litteras
308 4638 519 4699 mandavisse
534 4639 580 4708 ut,
602 4636 667 4696 nisi
683 4636 852 4697 curaveris
867 4635 955 4696 inira

160 4751 308 4798 mensem
319 4737 394 4812 post
405 4733 628 4811 receptionem
641 4733 868 4809 presentium,
882 4749 956 4794 nos-

160 4836 250 4894 trum
264 4834 300 4893 in
315 4833 379 4894 hoc
402 4831 584 4908 adimplere
607 4829 809 4902 mandatum,
834 4831 900 4906 ipsi
922 4831 954 4891 te

197 5041 237 5115 (l)
253 5041 409 5113 mammam
421 5040 501 5100 iacis.

197 5116 239 5187 (2)
256 5115 393 5170 Fumosae
410 5112 445 5170 ob
462 5111 576 5169 dubiam
593 5109 678 5168 tidem
694 5111 888 5168 pictavienses
901 5109 951 5166 ba·

160 5199 247 5242 rones
262 5184 456 5258 perstringunt
472 5183 623 5254 scriptores
642 5197 757 5248 omnes,
775 5189 832 5238 tam
853 5181 954 5239 Franci

160 5271 247 5328 quam
268 5257 312 5312 lin
337 5255 391 5311 liei.
419 5255 465 5312 Sic
487 5253 653 5310 Gulllelmus
677 5253 854 5320 armoricus,
877 5259 954 5309 tomo

160 5333 259 5453 {gigno
279 5269 368 5450 XXH'
386 5339 452 5398 pag.
468 5325 529 5394 190,
544 5323 720 5396 Philippides
738 5321 786 5380 lib.
805 5325 853 5394 vl,
869 5337 954 5380 versu

216 5409 319 5466 ,inqui
347 5411 354 5450 :

231 5503 270 5558 At
282 5501 364 5568 Picti,
377 5499 475 5570 quibas
487 5505 527 5556 cst
540 5500 603 5572 fidei
617 5501 736 5556 mutatio
750 5513 858 5568 semper

233 5573 323 5627 Grata
331 5587 429 5638 comes,
440 5571 523 5628 varic
535 5573 591 5626 uice
604 5572 652 5641 qai
664 5571 784 5626 didicere
793 5571 919 5639 [overe-m

232 5641 317 5697 Nunc
330 5641 406 5708 boio,
417 5655 492 5708 auec
504 5641 549 5695 itti
559 5639 682 5698 oetatem
694 5655 828 5709 exponere
842 5639 901 5708 reqt
907 5655 919 5706 ,·

233 5709 325 5770 Natta
338 5717 431 5768 tamen
440 5711 539 5782 quibus
550 5715 589 5768 est
601 5723 666 5780 qens
675 5709 845 5780 acceptatio·
854 5707 953 5764 ormts.

1011 561 1053 622 ad
1072 561 1104 623 id
1121 575 1180 638 per
1194 575 1368 623 censuram
1382 563 1653 638 ecclesiasticam,
1671 564 1800 628 sublato

1011 660 1243 736 appellationis
1263 659 1506 736 impedimento,
1525 663 1732 738 compellant.
1753 665 1802 724 'Iu

1011 774 1101 832 ergo,
1119 758 1204 818 sicut
1216 758 1269 818 vir
1283 757 1450 833 providus,
1464 760 1572 834 potius
1588 761 1693 835 eligas
1709 775 1803 822 erro·

1011 869 1081 913 rem
1092 855 1185 915 tuum
1197 854 1366 916 humiliter
1376 855 1800 934 satisfaciendocorrigere,

1012 967 1108 1027 quam
1131 952 1180 1011 illi
1206 953 1419 1028 pertinaciter
1439 953 1622 1015 insistendo
1644 955 1802 1017 inducere

1010 1049 1218 1124 temetipsum
1234 1049 1269 1108 in
1291 1053 1362 1125 ejus
1379 1051 1587 1110 necessitatis
1610 1051 1799 1124 articulum,

1011 1145 1050 1206 de
1063 1161 1127 1221 quo
1143 1161 1208 1205 non
1224 1145 1321 1206 facile
1334 1148 1367 1206 te
1379 1147 1491 1206 valeas
1504 1147 1671 1224 expedire.
1682 1151 1800 1211 Datum

1012 1245 1125 1315 Reate,
1140 1246 1183 1304 vl
1196 1243 1271 1303 idus
1283 1245 1442 1320 januarii,
1460 1259 1546 1304 anno
1563 1245 1701 1307 decimo.

1051 1381 1092 1437 Ia
1107 1380 1261 1438 ctcttzdem
1283 1381 1422 1437 allodum
1441 1379 1609 1452 scriptum
1628 1381 1679 1440 est
1698 1379 1802 1440 nobili

1010 1474 1082 1534 viro
1098 1473 1245 1534 Gallrido
1261 1474 1301 1533 de
1315 1475 1509 1546 Leziniaco;

1050 1573 1139 1632 Item
1152 1571 1255 1631 nobili
1268 1572 1340 1633 viro
1355 1571 1542 1632 vicecomiti
1557 1574 1799 1648 Lemovicensi;

1050 1669 1139 1728 Item
1158 1668 1261 1728 nobili
1277 1669 1349 1729 viro
1366 1670 1523 1729 Savarico
1539 1670 1579 1730 de
1594 1671 1799 1742 Maloleone;

1050 1766 1139 1826 Item
1158 1763 1261 1824 nobili
1281 1765 1353 1826 viro
1372 1767 1525 1827 Americo
1547 1765 1588 1827 de
1608 1769 1711 1844 Rupe,
1729 1771 1800 1827 En-

1010 1863 1220 1938 golismensis
1234 1863 1404 1934 dioecesim

1050 1961 1139 2020 Item
1151 1959 1254 2019 nobili
1270 1961 1342 2020 vlro
1356 1959 1487 2034 Hugoni
1501 1960 1541 2020 de
1553 1961 1733 2036 Tlroarci03
1806 2001 1809 2018 ,

1050 2057 1139 2118 Item
1152 2056 1254 2118 nobili
1265 2057 1338 2118 viro
1347 2057 1513 2118 Willelmo
1523 2059 1682 2132 Maingot,
1695 2061 1803 2119 Xanc·

1010 2155 1160 2213 tomensis
1175 2153 1346 2227 dioecesis3

1049 2251 1138 2311 Item
1167 2249 1271 2312 nobili
1298 2251 1371 2312 viro
1393 2249 1539 2312 Gallrido
1575 2251 1616 2311 de
1652 2254 1798 2322 Rancon,

1009 2347 1252 2407 xanctonensis
1273 2347 1448 2423 dioecesis3

1049 2445 1139 2504 Item
1158 2444 1261 2504 nobili
1277 2446 1348 2506 viro
1365 2445 1548 2520 Reginaldo
1568 2445 1608 2506 de
1629 2445 1799 2518 Pontibus,

1009 2541 1253 2602 xanctonensis
1268 2541 1441 2617 dioecesis;
1873 2531 1877 2540 ’

1048 2639 1136 2699 Item
1162 2637 1266 2699 nobili
1287 2639 1359 2700 viro
1382 2639 1493 2702 comiti
1514 2641 1802 2716 Petragoricensi3

1048 2737 1137 2797 Item
1152 2735 1254 2796 nobili
1268 2737 1339 2798 viro
1354 2734 1501 2798 Galsrido
1519 2737 1642 2815 Rudel;

1048 2834 1137 2894 Item
1153 2833 1255 2894 nobili
1266 2835 1338 2894 viro
1349 2835 1516 2896 Willelmo
1529 2836 1779 2912 archiepiscopo
1794 2860 1802 2910 ς

1049 2930 1137 2989 Item
1157 2930 1302 3006 Aquensi
1327 2931 1359 2990 et
1380 2932 1555 2990 vasatensi
1579 2931 1754 3007 episcopis,
1771 2935 1804 2994 et

1010 3023 1244 3086 archidiacono
1256 3027 1443 3098 vasatensi,
1455 3027 1565 3088 verbis
1579 3029 1803 3104 competenter

1010 3123 1154 3194 mutatis,
1170 3123 1215 3194 ut,
1236 3123 1264 3184 si
1280 3123 1365 3184 inira
1383 3140 1527 3184 mensem
1548 3125 1621 3200 post
1633 3125 1800 3202 receptio-

1010 3235 1084 3280 nem
1124 3219 1310 3282 litterarum
1359 3221 1506 3298 ipsarum
1553 3221 1632 3284 dicti
1676 3221 1803 3284 nobiles

1009 3315 1199 3378 mandatum
1239 3317 1465 3394 Apostolicum
1507 3335 1572 3380 non
1613 3321 1804 3382 curaverint

1010 3415 1202 3490 adimplere,
1233 3413 1296 3489 ipsi
1322 3431 1378 3476 eos
1411 3415 1452 3476 ad
1485 3415 1517 3475 id
1544 3433 1802 3492 percensuram

1010 3511 1279 3582 ecclesiasticam,
1297 3511 1426 3572 sublato
1443 3513 1675 3588 appellationis
1696 3513 1803 3589 impe-

1010 3607 1167 3678 dimento,
1185 3607 1394 3683 compellant,
1413 3625 1479 3670 non
1506 3607 1655 3672 obstante
1675 3611 1802 3671 consti·

1009 3705 1136 3765 tutione
1161 3705 1200 3764 de
1223 3703 1350 3766 duobus
1374 3703 1583 3767 diaetisedita
1604 3708 1638 3767 in
1655 3707 1801 3768 Concilio

1009 3799 1170 3878 generali.
1185 3801 1277 3873 Quod
1292 3799 1321 3861 si
1335 3817 1402 3862 non
1415 3818 1540 3874 omnes,
1556 3803 1750 3865 cimbatum
1766 3805 1803 3865 ut

1010 3913 1121 3975 supra.
1180 3922 1184 3929 -

1325 4093 1483 4181 LXXXI

1031 4245 1081 4302 Ad
1094 4244 1287 4315 aquensem
1303 4244 1336 4303 et
1358 4244 1579 4305 vasatensem
1593 4247 1776 4318 episcopos.

1282 4371 1431 4444 tijanuarii
1447 4373 1525 4430 12²6.

1051 4494 1169 4558 [liegest.,
1183 4493 1228 4544 lib.
1244 4495 1276 4552 X,
1290 4509 1329 4558 ep.
1346 4495 1400 4547 157.
1413 4497 1470 4546 llas.
1483 4497 1519 4546 La
1530 4498 1604 4547 Poste
1618 4495 1652 4546 du
1663 4497 1755 4560 Tbeil.]

1048 4620 1085 4677 Ut
1098 4618 1233 4676 mandata
1248 4619 1410 4692 Apostolica
1426 4628 1523 4678 contra
1539 4621 1661 4686 barones
1675 4622 1759 4695 regni

1123 4731 1125 4738 ¹
1157 4707 1268 4780 anglise
1283 4707 1425 4782 subjectos
1437 4707 1651 4781 supersedeant.

1048 4833 1228 4900 Honorius,
1246 4832 1321 4902 etc,
1337 4831 1582 4894 venerabilibus
1600 4831 1797 4896 iratribus...

1044 5041 1122 5099 ldem
1143 5039 1239 5110 habet,
1261 5041 1309 5098 lib.
1331 5043 1409 5111 vlll,
1426 5047 1509 5100 versu
1524 5043 1585 5112 437,
1602 5055 1669 5116 pag.
1685 5045 1747 5101 218.
1764 5045 1800 5101 Et

1009 5113 1157 5170 blattbaeus
1181 5113 1272 5182 Paris,
1296 5113 1325 5169 in
1349 5113 1451 5170 eodem
1472 5115 1625 5180 volumine,
1647 5115 1683 5170 de
1711 5115 1801 5172 Picta·

1008 5183 1153 5241 viensibus
1167 5184 1285 5254 loquens
1301 5185 1347 5241 :0
1369 5185 1468 5240 trianto
1490 5185 1711 5241 Pictauicnsibm
1728 5202 1797 5256 pro·

1008 5255 1100 5310 ditio!
1128 5255 1268 5311 exclamat
1293 5253 1377 5322 ibid,
1401 5269 1468 5327 pag.
1494 5253 1555 5310 759.
1580 5255 1717 5312 Ceterum
1745 5255 1800 5326 ipsi

1009 5325 1141 5382 Pictavise
1159 5324 1290 5390 barones,
1308 5339 1323 5381 a
1339 5323 1394 5380 lide
1410 5323 1522 5397 anglie
1537 5325 1599 5396 regi
1614 5324 1707 5382 debita
1727 5325 1797 5382 detl-

1008 5396 1127 5464 cicntes‚
1144 5409 1219 5452 anno
1240 5395 1318 5462 liii,
1333 5409 1431 5451 mense
1448 5395 1535 5462 maio,
1552 5409 1717 5452 novaseum
1731 5409 1801 5467 rege

1009 5466 1151 5522 Ludovico
1166 5465 1287 5521 inierant
1309 5464 1424 5521 liederis
1442 5466 1658 5534 conventiones,
1673 5479 1744 5537 quas
1756 5465 1800 5520 vi·

1009 5535 1211 5661 ggfeqeqsgfpm
1224 5537 1403 5604 ldartenium,
1415 5543 1435 5593 t.
1448 5533 1801 5605 Idottecttontsilmptiss„
