4114 6322
303 297 361 356 207
959 299 1120 362 HONORII
1141 301 1186 362 III
1206 301 1339 364 OPERA.

303 457 353 504 ras
367 441 507 508 locorum
522 461 576 508 seu
591 443 792 523 grangiarum
808 449 1001 524 vestrarum,
1017 442 1123 506 nullus

1931 315 1992 373 208

1210 446 1275 522 Ego
1290 444 1484 530 Stephanus,
1502 451 1607 515 Sanctr
1620 451 1746 515 Adriani
1762 453 1910 518 diaconus
1925 471 1992 520 car-

304 538 444 618 rapinam
460 555 517 604 seu
538 540 654 604 lurtum
677 541 797 620 lacere,
821 539 929 619 ignem
947 553 1121 618 apponere,
1170 537 1294 602 dinalis.

303 637 489 714 sanguinem
513 637 663 718 tundere,
684 637 844 701 hominem
867 643 988 700 temere
1011 650 1123 715 capere
1210 637 1323 698 Datum
1341 637 1504 719 Laterani,
1519 655 1576 719 per
1595 659 1724 704 manum
1743 642 1860 706 domini
1880 660 1991 722 papae,

304 729 353 794 vel
378 731 572 812 interficere,
598 749 656 796 seu
680 731 861 796 violentiam
889 733 1002 796 audeat
1029 746 1121 794 ener—
1170 730 1215 791 111
1229 745 1326 793 nonas
1340 731 1460 812 martii,
1483 733 1654 800 indictione
1673 738 1739 816 XV,
1761 737 1993 801 incarnationis

303 843 385 891 cere.
417 831 571 893 Praeterea
599 846 708 892 omnes
735 829 896 893 libertates
919 835 951 892 et
975 826 1120 890 immuni·

301 927 382 986 tates
403 940 422 986 a
442 925 726 1002 predecessoribus
746 925 860 988 nostris
878 923 1026 988 Romanis
1042 939 1121 1002 pon·

303 1019 440 1084 tillcibus
460 1021 650 1086 monasterio
671 1027 774 1086 vestro
796 1037 976 1101 concessas,
998 1035 1120 1084 necnon

302 1123 334 1181 et
353 1117 514 1183 libertates
533 1125 565 1183 et
581 1120 796 1198 exemptiones
816 1117 1012 1184 secularium
1028 1133 1117 1182 exac-

302 1214 423 1278 tionum
442 1234 461 1279 a
480 1217 609 1294 regibus
629 1223 661 1282 et
683 1215 878 1296 principibus
899 1215 948 1280 vel
965 1214 1035 1278 aliis
1049 1215 1119 1278 llde·

302 1311 387 1376 libus
409 1313 636 1378 rationabiliter
655 1314 745 1378 vobis
762 1313 915 1392 indultas,
935 1311 1119 1376 auctoritate

301 1409 478 1488 apostolica
504 1411 737 1489 confirmamus,
761 1415 793 1472 et
824 1410 988 1488 praesentis
1010 1405 1117 1484 scripti

301 1505 468 1585 privilegio
493 1505 733 1570 communimus.
760 1504 963 1570 Decernimus
984 1519 1061 1582 ergo
1084 1507 1118 1566 ut
1142 1539 1144 1589 g

301 1603 382 1668 nulli
409 1603 537 1667 omnino
561 1604 723 1668 hominurn
746 1603 839 1668 liceat
863 1603 1026 1682 prelatum
1052 1618 1117 1664 mo·
1141 1596 1145 1687 l

301 1699 474 1764 naslerium
488 1706 606 1763 temere
623 1699 824 1779 perturbare,
847 1705 900 1762 aut
914 1697 982 1778 ejus
995 1713 1119 1777 posses·
1142 1702 1144 1731 ¹

301 1795 407 1860 siones
422 1796 561 1876 auterre,
582 1796 632 1860 vel
652 1794 770 1858 ablatas
792 1793 943 1873 retinere,
957 1793 1116 1870 minnere,

302 1905 359 1954 seu
395 1889 591 1970 quibuslibet
625 1887 844 1953 vexationibus
876 1887 1026 1968 latigare3
1063 1887 1117 1950 sed

301 1984 406 2048 omnia
420 1983 543 2062 integra
556 1987 781 2048 conservantur
794 1998 903 2046 eorum
913 1999 970 2062 pro
983 1999 1117 2062 qnorum

300 2079 529 2158 gubernatione
553 2095 589 2142 ac
613 2077 840 2142 sustentatione
861 2091 1009 2140 concessa
1026 2081 1115 2156 sunt,

301 2176 412 2240 usibus
431 2175 618 2240 omnimodis
636 2175 813 2255 profutura,
832 2173 918 2238 salva
933 2173 1021 2238 Sedis
1035 2175 1115 2252 dpo-

301 2274 420 2338 stolice
434 2273 618 2338 auctoritato
637 2279 667 2337 et
686 2270 856 2336 dioecesani
873 2271 1011 2350 episcopi
1026 2286 1115 2335 cano·

300 2369 372 2436 nica
382 2370 519 2450 iustitia,
542 2386 577 2433 ac
591 2369 686 2432 etiarn
700 2383 795 2448 super
810 2367 968 2447 praedictis
986 2366 1117 2432 decimis

300 2465 514 2532 moderatione
534 2463 662 2528 concilii
682 2461 849 2541 generalis.

342 2561 373 2624 si
394 2578 456 2641 qua
476 2559 574 2637 igitur
588 2558 620 2622 in
637 2558 778 2622 luturum
792 2555 1004 2621 ecclesiastica
1016 2571 1117 2620 saecu-

300 2657 414 2722 larisve
434 2673 566 2736 persona
585 2655 665 2720 banc
682 2659 797 2718 nostrae
817 2653 1049 2718 constitutionis
1062 2668 1117 2731 pa-

299 2751 407 2831 ginam
427 2751 531 2814 sciens
548 2755 656 2814 contra
671 2765 740 2814 eam
757 2753 876 2812 temere
890 2748 999 2812 venire
1013 2753 1116 2810 tenta·

300 2849 392 2928 verit,
404 2848 542 2911 secundo
557 2845 689 2910 tertiove
703 2844 902 2922 commonita,
919 2845 979 2908 nisi
996 2850 1116 2908 reatum

299 2959 392 3008 suum
416 2959 555 3020 congrua
583 2939 792 3006 satisfactione
819 2939 1007 3020 correxerit,
1032 2945 1118 3019 pote

299 3038 387 3102 statis
403 3036 595 3116 honorisque
607 3033 656 3099 sui
671 3035 823 3114 dignitate
838 3039 953 3114 careat,
968 3049 1117 3115 reamque

299 3147 334 3198 se
354 3132 461 3194 divino
471 3129 591 3210 judicio
612 3131 748 3194 existere
761 3131 801 3194 de
815 3136 992 3209 perpetrata
1003 3129 1116 3211 iniqui·

298 3233 363 3293 tate
393 3233 558 3304 cognoscat
584 3233 617 3292 et
643 3245 662 3292 a
687 3227 898 3290 sacratissimo
926 3241 1056 3306 corporo
1085 3231 1116 3290 et

298 3325 453 3404 sanguine
479 3324 535 3388 Dei
563 3331 595 3388 et
623 3323 747 3388 Domini
772 3322 990 3403 Redemptoris
1017 3324 1115 3387 nostri

297 3425 372 3486 Jesu
390 3421 502 3486 Christi
524 3420 625 3485 aliona
643 3421 713 3500 liat,
732 3425 827 3501 atquo
840 3420 872 3484 in
887 3425 1027 3484 extremo
1041 3435 1112 3484 era-

297 3519 384 3581 mine
397 3517 547 3581 districtae
558 3515 717 3596 subjaceat
733 3515 855 3580 ultioni.
872 3515 1113 3580 concussorem

297 3613 409 3678 eodem
424 3612 491 3676 loco
501 3629 558 3674 sua
568 3613 640 3692 jura
652 3609 851 3675 servantibus
862 3611 903 3676 sit
916 3627 976 3690 pax
991 3611 1115 3676 Domini

297 3710 396 3774 nostri
418 3712 492 3772 Jesu
518 3708 647 3782 Christi,
673 3714 829 3788 quatenus
850 3715 881 3772 et
904 3707 957 3771 hic
977 3707 1112 3772 fructum

297 3805 389 3871 bonae
413 3805 543 3870 actionis
565 3806 756 3884 percipiant,
778 3809 810 3867 et
830 3805 913 3883 apud
937 3803 1115 3870 districtum

294 3900 432 3981 jndicem
449 3901 577 3978 praemia
591 3905 716 3964 aeternae
726 3898 812 3978 pacis
822 3897 992 3964 inveniant.
1002 3903 1112 3964 Arnen.

297 3999 406 4059 Amen.
423 3999 532 4058 dmen.

335 4095 401 4171 Ego
416 4090 583 4172 Honorius,
598 4089 759 4156 catholica
772 4089 921 4156 Ecclesiae
936 4089 1111 4172 episcopus.

336 4191 401 4268 ego
423 4187 535 4268 Guala,
556 4189 659 4253 Sancti
681 4188 805 4253 Martini
827 4187 992 4270 presbyter
1013 4190 1115 4254 cardi-

295 4285 376 4351 nalis
390 4285 474 4349 tituli
488 4285 616 4366 Equitii.

335 4386 400 4462 sgo
419 4382 613 4462 Stephanus,
636 4381 775 4448 basilicae
797 4381 964 4447 duodecim
982 4386 1113 4462 Aposto-

295 4479 397 4546 lomm
412 4479 576 4560 presbyter
590 4479 767 4543 cardinalis.

334 4579 400 4655 Ego
415 4575 564 4656 Thomas,
580 4575 664 4640 tituli
678 4577 798 4642 sanctae
811 4573 934 4640 Sabinae
950 4575 1114 4657 presbyter

296 4671 472 4737 cardinalis.

335 4769 400 4844 Ego
423 4769 531 4845 lingo,
558 4763 733 4830 hostiensis
754 4771 787 4828 et
806 4764 1010 4830 velletrensis
1032 4765 1112 4845 epis-

295 4879 404 4943 copus.

334 4961 400 5036 Ego
414 4954 590 5035 conradus,
609 4954 790 5018 Portuensis
804 4960 836 5019 et
855 4955 978 5020 Sanctae
993 4956 1114 5020 Rullnae

296 5053 472 5132 episcopus.

335 5149 399 5224 Ego
412 5145 530 5226 (tuido,
547 5143 805 5211 Praenestinensis
819 5144 996 5225 episcopus.

334 5245 400 5321 Ego
419 5242 621 5324 Octavianus,
641 5245 826 5306 Sanctorum
848 5242 949 5321 Sergii
966 5247 999 5307 et
1018 5245 1110 5308 Baebi

294 5337 444 5405 diaconus
459 5339 633 5403 cardinalis.
775 5345 778 5350 '

334 5439 399 5513 Ego
417 5435 600 5516 ltainerins,
623 5437 745 5503 Sanctae
766 5439 871 5502 Maria
892 5437 925 5501 in
946 5439 1110 5504 cosmedin

294 5528 444 5592 diaconus
458 5529 635 5594 cardinalis.

1171 825 1295 930 Domini
1307 841 1389 892 anno
1402 831 1610 911 MGGXXVH,
1627 833 1824 910 pontificatus
1840 849 1916 898 vero
1931 834 1992 897 do-

1170 935 1249 982 mrnr
1266 920 1395 985 Honorii
1411 939 1502 1004 papae
1515 927 1561 988 ΙΙΙ
1575 942 1656 989 anno
1672 928 1847 992 undecimo.

1497 1123 1664 1214 nxxbt

1275 1277 1332 1346 Ad
1346 1279 1568 1352 Nicosiemcm
1586 1284 1878 1375 archiepiscopum.

1470 1425 1486 1478 5
1500 1423 1589 1479 martii
1606 1427 1684 1481 1227.

1308 1538 1373 1604 [ltu
1387 1539 1483 1604 latria,
1495 1543 1560 1593 flist.
1574 1543 1605 1594 de
1620 1543 1729 1608 bepre,
1743 1545 1779 1603 ll,
1795 1544 1845 1610 lt]

1168 1658 1319 1720 Nrcosicnsi
1342 1665 1562 1740 archiepiscopo,
1587 1674 1619 1724 ut
1643 1685 1673 1724 se
1697 1669 1833 1726 subducat
1853 1687 1870 1726 a
1890 1686 1992 1742 prose-

1204 1747 1312 1806 cutione
1333 1751 1437 1824 negotii
1456 1751 1527 1808 eirca
1547 1753 1631 1810 filiam
1651 1755 1753 1827 regine
1773 1753 1855 1828 Cypri
1878 1761 1906 1811 et
1926 1755 1991 1829 ejus

1204 1837 1330 1892 maritum
1355 1837 1389 1892 de
1412 1839 1651 1912 consanguinitate
1674 1847 1834 1913 suspectos3
1859 1840 1992 1914 idemque

1204 1924 1344 1998 negotium
1360 1925 1521 1998 patriarcha
1538 1926 1782 2001 hierosolymitano
1796 1929 1952 1985 committit.

1208 2047 1367 2130 Laterani,
1385 2051 1431 2114 111
1446 2067 1543 2115 nonas
1561 2051 1683 2133 martii,
1704 2069 1784 2117 anno
1804 2053 1988 2118 undecimo.

1506 2255 1651 2344 LXXV

1220 2406 1277 2476 Ad
1289 2409 1521 2498 patriarcham
1538 2411 1879 2506 ¹Ht'orosolymitanum
1898 2424 1932 2478 et

1358 2513 1546 2604 episcopum
1564 2517 1794 2582 Acconerasem.

1470 2653 1591 2710 dmartii
1608 2655 1686 2708 1227.

1308 2775 1372 2840 [Mac
1385 2775 1480 2838 Latris,
1495 2777 1559 2828 lliet.
1574 2777 1605 2828 da
1619 2776 1729 2841 bepre,
1745 2775 1780 2837 ll,
1796 2776 1846 2842 l8.]

1167 2895 1333 2954 Patriarchsa
1359 2899 1606 2973 hierosolymitano
1630 2907 1658 2956 et
1682 2899 1811 2973 episcopo
1833 2899 1990 2956 bononensi

1203 2985 1348 3043 committit
1364 2987 1504 3060 negotium
1524 2988 1587 3044 filiae
1606 2988 1709 3061 regine
1728 2987 1809 3060 Cypri
1828 2993 1855 3043 et
1872 2987 1922 3043 lilii
1941 3004 1990 3044 co·

1201 3071 1274 3129 mitis
1289 3071 1448 3146 Tripolitani
1466 3073 1500 3128 de
1515 3073 1754 3146 consanguinitate
1766 3073 1836 3129 inter
1849 3089 1908 3128 eos.

1206 3193 1366 3275 Laterani,
1384 3195 1429 3258 Ill
1447 3211 1546 3278 nonas
1565 3193 1684 3277 martii,
1704 3211 1785 3260 anno
1804 3192 1987 3258 undecimo.

1493 3395 1659 3484 LXXVI

1188 3551 1245 3621 Ad
1259 3553 1464 3622 Fmdericum
1482 3557 1710 3623 Romanorum
1728 3555 1965 3645 imperatorem

1418 3659 1728 3748 mwmfflffl.

1293 3797 1412 3864 [saram
1425 3797 1457 3847 dc
1467 3799 1561 3862 archlg.
1575 3799 1697 3864 protenso.
1712 3797 1735 3858 l,
1751 3797 1788 3858 11,
1803 3796 1854 3861 lt]

1204 3912 1278 3994 Ejus
1297 3915 1402 3978 locum
1420 3913 1495 3980 licet
1512 3914 1661 3980 immeriti
1675 3915 1851 3978 obtinentes
1868 3913 1901 3977 in
1917 3919 1988 3978 ter-

1166 4009 1227 4089 ris,
1243 4027 1315 4090 quae
1334 4027 1395 4090 pax
1413 4015 1518 4074 nostra
1531 4009 1605 4075 lecit
1621 4015 1755 4091 utraque
1774 4027 1888 4090 unum,
1904 4009 1989 4073 duos
2038 4017 2039 4027 ¹

1166 4104 1300 4182 parietes
1320 4105 1482 4170 venientes
1500 4121 1519 4170 e
1537 4105 1662 4170 diverso
1684 4105 1878 4186 conjungens
1896 4104 1929 4167 in
1950 4121 1988 4169 se
2037 4149 2038 4177 ,

1165 4200 1233 4278 ipso
1248 4199 1351 4278 lapide
1365 4199 1527 4280 angulari,
1542 4199 1744 4266 nascentibus
1758 4199 1912 4264 debemus
1926 4199 1985 4264 ob-

1164 4297 1251 4360 viare
1264 4295 1446 4377 discordiis,
1462 4300 1494 4360 et
1509 4296 1673 4360 intendere
1688 4293 1839 4373 sollicite,
1855 4311 1891 4357 ac
1908 4292 1986 4356 dili·
2036 4285 2037 4327 l

1164 4398 1276 4470 genter
1291 4392 1398 4472 adea,
1415 4397 1577 4472 quaesunt
1594 4390 1769 4456 concordiae
1790 4389 1933 4468 unitatis,
1953 4395 1988 4454 et
2035 4395 2036 4475 y

1165 4485 1261 4565 pacis.
1280 4487 1356 4550 Cum
1378 4501 1454 4564 ergo
1469 4501 1570 4565 nuper
1583 4485 1666 4550 inter
1682 4491 1729 4565 te,
1745 4501 1782 4548 ao
1799 4483 1986 4548 societatem
2032 4513 2035 4625 4

1163 4581 1376 4665 Lombardiae,
1392 4582 1611 4664 *Romaniolae,
1635 4587 1729 4662 atque
1750 4579 1896 4644 Marcbiae
1917 4579 1988 4642 dis-

1163 4677 1269 4742 cordia
1288 4675 1356 4758 ejus
1375 4683 1442 4741 orta
1462 4681 1561 4756 esset,
1584 4693 1642 4741 nos
1662 4676 1876 4753 attendentes
1896 4675 1987 4754 quod

1164 4787 1231 4851 res,
1250 4771 1311 4835 nisi
1330 4771 1535 4836 obsisteretur
1551 4769 1731 4851 principiis,
1746 4768 1906 4832 asserebat
1922 4765 1986 4830 im-

1163 4866 1377 4944 pedimentum
1397 4865 1525 4946 negotio
1547 4869 1652 4930 Terrae
1675 4867 1812 4942 Sanctae,
1837 4875 1894 4940 pro
1918 4877 1988 4942 quo

1163 4968 1210 5024 est
1225 4967 1310 5026 tanto
1324 4967 1466 5042 tempore
1479 4960 1672 5041 laboratum,
1686 4960 1819 5038 dignum
1832 4955 1987 5020 duximus

1162 5055 1363 5137 interponere
1383 5063 1487 5137 partes
1505 5061 1637 5122 nostras.
1658 5059 1701 5120 Te
1720 5055 1828 5134 igitur,
1850 5057 1883 5116 et
1900 5069 1987 5131 pra,L

1162 5151 1254 5215 dictis
1275 5157 1375 5215 toturn
1390 5151 1493 5231 ipsum
1512 5151 1674 5230 negotium
1689 5150 1856 5226 innostra,
1872 5151 1905 5210 et
1920 5147 1988 5210 lra-

1162 5253 1245 5310 trum
1273 5253 1452 5310 nostrorum
1477 5245 1691 5326 providentia,
1717 5249 1749 5308 et
1776 5240 1987 5322 dispositione

1161 5341 1281 5422 libere,
1304 5357 1341 5406 ac
1361 5341 1505 5406 absolute
1523 5340 1730 5422 ponentibus,
1753 5339 1849 5420 idque
1871 5337 1986 5402 decla-

1161 5438 1305 5502 rantibus
1322 5453 1379 5518 per
1392 5437 1531 5518 htteras,
1554 5441 1587 5502 et
1607 5435 1735 5516 publica
1753 5435 1984 5512 instrumenta,

1160 5549 1219 5599 nec
1234 5549 1296 5597 non
1310 5550 1368 5614 per
1379 5533 1536 5598 solemnes
1550 5537 1777 5613 procuratores,
1794 5535 1825 5593 et
1841 5528 1983 5608 nuntiae,
