4174 6324
177 357 218 416 45
802 357 1032 422 EPISTOLAE.
1060 361 1138 422 LIB.
1161 363 1201 422 X.
1781 359 1820 418 46

178 518 320 580 salutem
335 517 368 579 et
377 517 606 594 Apostolioam·
615 517 902 580 benedictionem

219 618 299 676 Cum
319 631 340 676 a
360 614 455 676 nobis
479 614 602 690 petitur
617 615 702 691 quod
723 616 849 691 Justum
867 618 918 678 est
940 617 974 676 et

178 714 365 784 honestum,
382 713 449 774 tarn
470 713 567 788 vigor
588 713 753 788 aequitatis
773 729 872 788 quam
892 712 972 774 ordo

178 812 284 886 exigit
299 811 450 877 rationis,
466 811 504 870 ui
520 810 551 870 id
569 827 629 886 per
644 811 901 871 sollicitudinem
917 811 972 872 ei-

178 909 246 970 ilcii
262 908 369 970 nostri
383 908 423 968 ad
436 907 581 968 debitum
597 909 796 983 perducatur
807 907 970 968 effectum.

178 1008 373 1082 Eapropter,
390 1005 503 1066 dilecti
529 1005 564 1066 in
593 1005 731 1069 Domino
757 1005 828 1075 iiiii,
851 1005 971 1066 vestris

174 1103 277 1180 justis
303 1101 456 1179 precihus
478 1102 666 1162 inclinati...
693 1108 725 1162 et
745 1102 878 1161 demum
897 1117 974 1162 ves-

178 1203 265 1262 tram
278 1215 352 1261 cum
362 1199 516 1260 omnibus
529 1199 626 1260 bonis
641 1215 714 1275 quae
730 1199 764 1268 in
777 1200 973 1274 praesentia-

177 1313 253 1358 rum
272 1297 516 1358 rationabiliter
535 1296 723 1372 possidetis,
746 1297 803 1358 aut
822 1297 857 1356 in
878 1295 971 1356 sutu-

178 1410 265 1466 rum,
282 1393 462 1470 praestante
479 1393 630 1464 Domine,
642 1393 742 1468 justis
756 1393 861 1453 medis
874 1393 971 1468 pete-

177 1492 254 1554 ritis
267 1491 417 1568 adipisci,
434 1490 495 1552 suh
510 1490 599 1552 beati
614 1491 706 1552 Petri
721 1491 754 1552 et
766 1491 877 1551 nestra
894 1503 974 1565 pre-

177 1590 322 1650 tectione
367 1589 591 1664 suscipimus;
629 1588 818 1664 specialiter
860 1591 970 1648 autem

178 1685 352 1748 libertates
366 1685 400 1746 et
412 1685 638 1748 immunitates
653 1701 674 1744 a
689 1685 800 1760 priore
812 1683 852 1744 de
864 1683 970 1754 Elida,

178 1784 362 1844 conventus
388 1783 440 1842 sui
459 1782 639 1844 accedente
665 1797 840 1848 consensu,
859 1781 892 1842 et
907 1795 971 1840 no-

176 1879 238 1940 bili
264 1880 338 1940 viro
362 1881 415 1940 W.
443 1879 483 1940 de
510 1879 620 1940 cressi
653 1878 827 1939 fundatore
856 1877 972 1938 domus

176 1977 298 2038 vestrae
313 1977 369 2052 pia
390 1977 498 2038 eidem
520 1975 631 2036 domui
650 1975 848 2036 liberalitate
864 1974 972 2034 colla-

177 2075 241 2145 tas,
263 2076 382 2146 terras,
399 2073 637 2149 possessiones
658 2089 697 2134 ao
711 2073 779 2134 alia
801 2071 888 2132 hona
902 2087 973 2132 ves-

177 2172 241 2242 tra,
260 2172 345 2232 sicut
360 2186 398 2232 ea
416 2171 527 2232 emnia
538 2171 640 2245 juste,
654 2169 825 2239 canonice,
839 2171 873 2230 et
886 2169 974 2244 paci-

177 2269 240 2329 fice
253 2268 441 2344 possidetis,
458 2283 498 2328 ac
517 2268 552 2326 in
572 2267 693 2328 litteris
715 2267 791 2326 inde
812 2265 972 2326 consectis

177 2365 301 2426 dicitur
331 2364 505 2434 contineri,
535 2362 628 2424 vohis
653 2363 685 2423 et
706 2379 766 2439 per
792 2379 851 2424 ves
876 2363 971 2423 diotae

177 2462 291 2524 domui
308 2461 505 2522 auctoritate
520 2461 709 2537 apostolica
725 2460 970 2530 confirmamus,

177 2575 218 2620 ac
239 2559 414 2634 praesentis
439 2559 555 2634 scripti
578 2558 764 2633 patrocinio
787 2558 973 2618 communi-

175 2673 263 2722 mus,
286 2657 434 2716 districte
449 2655 648 2728 inhibeam,
668 2671 709 2715 ne
735 2655 809 2731 quis
832 2655 872 2714 de
894 2655 973 2714 her·

176 2753 232 2825 tis,
247 2753 280 2814 et
304 2753 458 2828 virgultis
482 2761 549 2814 seu*
565 2755 752 2814 vestrorum
778 2751 972 2812 animalium

177 2849 401 2922 nutrimentis,
432 2849 577 2910 decimas
599 2866 618 2910 a
637 2849 733 2909 vohis
757 2849 891 2923 exigere
919 2848 971 2908 vel

177 2950 377 3023 extorquere
392 2947 581 3022 praesumat.
596 2946 688 3007 Nulli
703 2961 782 3020 ergo
799 2945 971 3006 hominum

178 3043 280 3103 liceat
305 3043 391 3102 hano
410 3043 565 3118 paginam
594 3043 716 3102 nestrae
741 3041 969 3118 protectionis,

178 3139 453 3210 confirmationis
480 3140 512 3200 et
540 3137 748 3199 inhibitionis
777 3137 968 3212 infringere,

175 3235 232 3296 vel
244 3235 274 3296 ei
289 3251 372 3296 ausu
386 3236 564 3296 temerarie
578 3235 755 3296 contraire.
772 3235 806 3294 Si
821 3235 894 3310 quis
905 3251 969 3294 au-

175 3333 243 3394 tem
265 3331 328 3392 hee
345 3331 508 3392 attentare
533 3332 790 3407 praesumpserit,
817 3330 971 3404 indigna-

176 3428 303 3490 tionem
323 3428 556 3504 omnipoteniis
571 3429 630 3488 Dei
645 3429 678 3488 et
691 3427 862 3488 beaterum
880 3428 970 3487 Petri

178 3527 211 3586 et
224 3525 320 3586 Pauli
332 3525 564 3600 Apostolorum
577 3527 649 3599 ejus
661 3539 696 3584 se
709 3524 839 3584 neverit
850 3525 968 3583 incur-

179 3639 305 3683 surum.
322 3625 440 3698 Datum
457 3621 623 3692 Laterani,
640 3637 745 3682 nonas
759 3621 881 3692 martii,
892 3637 969 3695 pon-

177 3720 324 3781 tificatus
339 3719 444 3780 nostri
458 3735 545 3778 anno
561 3717 698 3778 decimo.

436 3992 605 4078 ‘dli

178 4147 230 4204 Ad
244 4143 380 4204 obboics
399 4143 565 4217 Riprciuci,
582 4141 616 4202 ei
629 4141 812 4200 Cererzsem
827 4139 860 4199 ei
875 4142 969 4198 dcco-

216 4255 302 4301 nunc
344 4242 630 4308 Virziiiocensem,
658 4237 968 4297 Autissiodorensis

215 4337 249 4398 et
261 4339 431 4397 Enerensis
446 4339 612 4396 diaecesis.

458 4485 489 4540 ll
500 4483 592 4540 martii
606 4482 685 4540 liic.

198 4616 317 4680 [Repcst.,
331 4615 377 4665 lih.
394 4615 426 4674 X,
437 4613 511 4678 epist.
523 4613 578 4664 230.
599 4613 656 4663 bles.
668 4613 704 4662 La
715 4613 793 4662 Porto
804 4611 837 4661 du
848 4611 942 4671 Thali]

173 4749 352 4806 eomitissarn
385 4747 593 4804 Nivernensem
622 4743 673 4800 suh
695 4745 869 4816 protectione
893 4743 968 4799 beati

227 4835 301 4893 Petri
316 4835 424 4907 recipit,
443 4841 471 4891 et
486 4834 548 4906 ejus
563 4833 678 4890 tutelam
699 4832 741 4889 eis
754 4831 913 4888 committit.

214 4979 393 5049 Honorius,
415 4977 490 5047 etc,
508 4975 638 5036 dilectis
659 4974 775 5036 liliis...
802 4974 965 5048 Rigniaci

176 5073 244 5136 ei...
274 5071 413 5134 cerensi
441 5069 625 5140 abbatibus,
643 5071 711 5130 et...
738 5069 968 5130 virzialicensi

176 5169 313 5240 decane,
339 5167 639 5230 Autissiodorensis
654 5169 687 5228 et
708 5163 869 5226 liduensis
884 5165 969 5226 dioe-

178 5267 274 5336 cesis,
290 5265 442 5336 salutem,
460 5265 521 5324 etc.

217 5359 574 5436 Quamvisapostelica
598 5359 709 5428 sedes,
732 5358 786 5418 cui
808 5357 886 5418 lieet
905 5358 969 5418 im-

178 5459 288 5520 meriti
307 5458 535 5534 praesidemus,
562 5457 718 5532 tanquam
738 5455 966 5516 universorum

178 5557 283 5618 mater
294 5555 442 5616 bdelium
454 5553 607 5617 omnibus
623 5552 751 5629 aperiat
762 5552 891 5614 viscera
903 5551 968 5626 pie·

178 5653 268 5724 tetis,
278 5667 346 5714 nen
360 5655 472 5714 tamen
488 5665 600 5715 omnes
616 5649 736 5726 equali
751 5647 872 5712 affectu
889 5649 968 5724 pro'-

1027 520 1186 596 sequitur,
1204 518 1263 580 sed
1280 519 1357 580 illos
1372 520 1491 597 majori
1507 518 1727 597 praerogativa
1742 517 1821 580 dili-

1027 615 1085 692 git,
1094 618 1127 678 et
1139 616 1291 686 honerat,
1300 633 1382 692 quos
1391 617 1425 677 in
1437 617 1612 678 devotione
1625 632 1686 677 sua
1695 615 1821 692 reperit

1027 715 1258 790 promptiores.
1280 715 1348 773 Nes
1368 715 1470 788 igitur
1485 715 1705 784 devotionem,
1722 729 1819 790 quarn

1028 811 1068 871 ad
1095 814 1277 872 Romanam
1306 811 1499 882 Ecclesiam,
1522 813 1553 872 et
1581 811 1620 870 ad
1642 825 1820 886 personam

1028 909 1175 968 nostram
1187 907 1308 966 nobilis
1321 907 1441 968 mulier
1455 910 1510 978 ll,
1527 907 1821 968 comitissaNiver-

1028 1005 1140 1064 nensis
1152 1003 1274 1064 hahere
1291 1004 1497 1078 dignoscitur
1510 1003 1727 1074 attendentes,
1740 1019 1822 1080 prae·

1027 1104 1079 1162 ter
1093 1117 1267 1161 commune
1281 1101 1426 1161 debiturn
1441 1101 1619 1177 pastoralis
1630 1100 1743 1171 oflicii,
1757 1117 1821 1176 quo

1028 1215 1141 1258 curam
1171 1201 1203 1260 et
1227 1199 1485 1259 sollicitudinem
1506 1199 1682 1259 viduarum
1705 1212 1821 1272 gerere

1028 1295 1177 1370 cogimur
1192 1295 1368 1372 specialem
1388 1295 1451 1355 sihi
1471 1296 1612 1370 gratiam
1633 1294 1821 1354 exhibendo

1027 1393 1062 1452 in
1077 1393 1141 1460 his,
1162 1409 1235 1469 quae
1255 1393 1436 1453 secundum
1452 1395 1553 1452 Deum
1569 1391 1744 1468 requirite
1759 1407 1821 1452 no-

1027 1490 1078 1550 bis
1092 1489 1261 1551 devotioni
1274 1506 1343 1550 suae
1358 1489 1501 1551 libenter
1515 1490 1705 1562 annuimus
1721 1490 1755 1561 et
1766 1488 1821 1549 ia-

1027 1603 1141 1648 verem
1168 1587 1268 1648 etiarn
1290 1586 1479 1647 benivolum
1504 1587 1725 1662 impertimur.
1751 1589 1822 1657 Qua

1029 1685 1164 1760 propter
1179 1684 1329 1760 ejusdem
1344 1684 1522 1745 comitissae
1544 1683 1823 1759 postulationihus

1027 1784 1123 1855 grate
1142 1783 1378 1843 concurrentes
1397 1795 1548 1850 assensu,
1568 1795 1745 1856 persenam
1766 1779 1822 1854 ip-

1028 1877 1098 1938 sius
1114 1894 1189 1940 eum
1201 1878 1353 1938 omnihus
1368 1878 1475 1949 benis,
1493 1894 1566 1953 quae
1580 1878 1615 1936 in
1628 1877 1822 1953 praesentia·

1027 1991 1100 2036 rum
1117 1975 1361 2036 rationabiliter
1374 1976 1530 2050 possidet,
1545 1976 1603 2036 aut
1622 1976 1657 2034 in
1674 1975 1821 2036 futurum

1023 2073 1127 2149 justis
1155 2073 1272 2142 medie,
1301 2074 1480 2147 praestante
1517 2073 1672 2142 Domino,
1703 2072 1824 2148 poterit

1028 2169 1179 2245 adipisci,
1199 2168 1259 2230 sub
1282 2169 1370 2230 beati
1390 2169 1482 2230 Petri
1501 2170 1534 2230 et
1556 2171 1670 2230 nostra
1688 2171 1821 2244 proteo-

1028 2267 1118 2328 iione
1142 2267 1352 2342 suscipimus,
1368 2282 1427 2342 per
1447 2265 1578 2330 litteras
1604 2267 1735 2326 nostras
1755 2266 1825 2326 dis-

1027 2364 1159 2424 trictius
1175 2363 1376 2435 inhibentes
1391 2380 1433 2424 ne
1454 2364 1528 2439 quis
1543 2364 1616 2424 sine
1632 2363 1820 2434 manifesta,

1028 2461 1061 2521 et
1075 2460 1267 2522 rationabili
1283 2476 1384 2522 causa
1398 2461 1433 2522 in
1457 2475 1635 2536 personam
1650 2475 1744 2522 suam
1760 2475 1822 2520 ex-

1028 2559 1348 2628 communicationis
1379 2559 1411 2618 et
1435 2557 1471 2618 in
1499 2561 1623 2618 terram
1652 2557 1821 2618 interdicti

1029 2656 1212 2716 sententias
1240 2655 1453 2730 promulgare
1481 2657 1670 2730 praesumat,
1693 2667 1824 2729 semper

1027 2755 1137 2814 autem
1169 2752 1354 2813 admonitio
1387 2752 1549 2813 canonica
1587 2751 1817 2827 praemittatur,

1026 2849 1091 2910 nisi
1104 2849 1180 2910 talis
1191 2847 1413 2909 sueritsorsan
1422 2863 1591 2918 excessus,
1605 2849 1662 2923 qui
1669 2848 1819 2908 ordinem

1024 2945 1237 3021 judiciarium
1264 2960 1330 3004 nen
1359 2945 1517 3019 requirat.
1547 2944 1595 3004 Ad
1630 2944 1702 3004 haee
1728 2943 1818 3019 adji-

1026 3042 1151 3102 cientes
1165 3041 1351 3110 statuimus
1371 3041 1449 3101 uisi
1465 3041 1499 3101 in
1513 3039 1625 3116 aliquo
1641 3054 1819 3116 praesense·

1025 3139 1069 3198 rit
1079 3153 1114 3196 se
1124 3138 1269 3211 gravari,
1281 3137 1387 3198 libere
1399 3137 1463 3198 sibi
1478 3138 1577 3198 liceat
1591 3137 1709 3198 Sedem
1719 3139 1821 3212 Apos-

1024 3235 1158 3294 tolieam
1174 3235 1355 3310 appellare.
1377 3235 1412 3295 Si
1428 3235 1502 3310 quis
1518 3249 1597 3294 vere
1612 3235 1686 3310 pest
1699 3233 1819 3309 appel-

1024 3331 1183 3392 lationem
1211 3330 1253 3390 ad
1280 3347 1340 3392 nes
1367 3331 1514 3406 legitime
1537 3332 1769 3406 interpositam
1783 3330 1819 3388 in

1024 3425 1211 3504 personam,
1227 3428 1280 3488 vel
1296 3427 1465 3488 interdicti
1482 3428 1664 3488 sententias
1678 3427 1819 3502 promul·

1023 3525 1262 3600 gaverit,ipsas
1278 3525 1487 3586 decernimus
1500 3539 1566 3584 non
1579 3523 1692 3586 tenere
1705 3540 1712 3582 :
1728 3539 1818 3599 prae·

1023 3623 1115 3682 terea
1140 3621 1180 3682 de
1204 3620 1409 3694 benignitate
1423 3621 1614 3696 apostolica
1639 3621 1746 3683 eidem
1766 3620 1821 3680 in-

1023 3717 1199 3787 dulsimus,
1218 3719 1254 3778 ut
1269 3717 1297 3776 si
1312 3719 1404 3778 terra
1419 3718 1525 3793 ipsius
1536 3717 1683 3779 extiterit
1693 3733 1820 3792 suppo·

1025 3813 1274 3874 sitainterdiete
1289 3814 1323 3874 in
1334 3815 1589 3874 unadumtaxat
1603 3813 1820 3874 ecclesiarum

1022 3910 1102 3970 villa
1120 3911 1155 3970 in
1173 3926 1238 3986 qua
1253 3911 1364 3982 luerit,
1382 3926 1456 3970 curn
1471 3925 1531 3970 sex
1545 3910 1586 3970 de
1598 3909 1725 3972 familia
1741 3925 1814 3980 sua,

1023 4007 1130 4068 tribus
1141 4008 1298 4068 videlicet
1313 4008 1482 4078 masculis,
1500 4009 1532 4067 et
1545 4007 1682 4068 totidem
1700 4005 1821 4066 mulie-

1024 4103 1128 4174 ribus,
1166 4119 1185 4166 a
1219 4105 1355 4179 proprio
1384 4104 1489 4179 possit
1523 4103 1726 4178 preshytere,
1764 4101 1820 4178 qui

1023 4201 1224 4262 auctoritate
1236 4202 1362 4273 nestra,
1379 4201 1435 4260 sed
1450 4199 1615 4258 submissa
1630 4214 1711 4260 rece
1730 4198 1820 4260 cele-

1022 4296 1104 4368 bret,
1121 4296 1415 4379 excommunicatis
1434 4298 1466 4356 et
1489 4295 1675 4356 interdictis
1699 4293 1817 4354 exclu-

1022 4393 1218 4464 sisciensis
1240 4393 1367 4467 januis,
1391 4407 1457 4450 nen
1471 4391 1611 4465 pulsatis
1632 4389 1814 4464 campanis,

978 4507 983 4514 ·
1023 4490 1140 4550 audire
1156 4489 1280 4559 divina,
1295 4488 1371 4546 dum
1384 4491 1496 4548 tamen
1508 4485 1710 4548 comitissam
1725 4501 1818 4546 eam-

1022 4586 1095 4646 dem
1119 4584 1296 4646 interdicte
1322 4585 1480 4658 praestare
1505 4598 1640 4643 oausam
1670 4582 1817 4658 aliquam

1022 4699 1088 4744 nen
1105 4683 1285 4757 contingat.
1301 4681 1461 4752 Quocirca
1478 4680 1683 4750 mandamus
1699 4681 1818 4754 quate-

1022 4797 1085 4840 nus
1102 4779 1274 4856 praefatam
1287 4778 1489 4838 comitissam
1505 4777 1619 4837 centra
1632 4775 1814 4852 protectio-

1025 4893 1110 4947 nem,
1134 4876 1380 4946 inhibitionem,
1398 4873 1667 4934 oonstituticnem
1682 4875 1715 4933 ei
1730 4888 1815 4934 cen-

1023 4974 1207 5034 cessionem
1234 4971 1424 5047 hujusmodi
1450 4987 1517 5031 nen
1545 4969 1744 5046 permittatis
1774 4968 1815 5028 ab

1023 5069 1133 5144 aliquo
1148 5067 1330 5138 molestari,
1343 5067 1570 5128 molestatores
1582 5064 1745 5124 indebitos
1756 5079 1815 5140 per

1023 5161 1827 5238 censuramecolesiastioam,appellationeposi·'

1022 5263 1141 5338 posita,
1172 5263 1431 5336 compescentes.
1464 5258 1609 5330 Quodsi
1643 5273 1710 5320 nen
1738 5273 1813 5317 om·
1850 5293 1853 5300 -

1021 5375 1092 5430 nes,
1114 5360 1175 5420 etc.
1201 5360 1317 5420 Datum
1337 5357 1505 5428 Laterani,
1527 5358 1569 5417 IV
1590 5356 1665 5416 idus
1688 5353 1810 5424 martii,
1916 5350 1917 5354 ’

1020 5471 1109 5516 anne
1124 5455 1262 5516 decimo.

1060 5557 1104 5613 In
1118 5555 1275 5614 eamdent
1289 5555 1428 5614 modam
1443 5549 1600 5626 scriptum
1620 5546 1670 5606 est
1691 5545 1734 5606 ld.
1752 5561 1811 5608 ce-

1022 5649 1171 5710 mitissae.
