4174 6324
115 345 162 404 57
740 335 967 402 aristeum.
990 289 1069 399 um.
1092 336 1132 398 x.
1716 341 1760 404 53

113 501 204 562 tum.
220 497 819 576 00010000,010000000100010,
836 511 913 560 ves-
966 494 1142 556 firmatum.
1170 495 1251 556 Cum
1281 495 1391 558 autem
1419 513 1464 560 ex
1490 499 1554 560 hoc
1585 513 1682 562 rasus
1707 499 1762 564 uel

116 597 186 658 tris
209 598 309 674 iustis
333 596 611 673 postulationibus
635 596 730 670 grato
767 610 910 656 concur·
966 593 1079 652 nullus
1093 591 1219 652 tructus
1233 591 1393 654 hactenus
1406 596 1596 672 provenerit
1610 597 1761 660 ecclesiae

118 695 234 756 rentes
255 707 404 764 assensu,
423 693 674 762 institutionem,
697 707 795 770 quam
814 705 913 768 super
967 688 1177 764 supradictae,
1190 703 1249 764 pro
1265 689 1468 752 eovidelicet
1481 693 1567 768 quod
1579 695 1761 769 proventus

118 789 286 852 fructibus
301 790 499 867 praebendae,
516 805 589 866 quae
616 788 678 850 suit
697 789 775 850 olim
787 787 913 849 Yvonis
968 783 1031 860 ipsi
1041 800 1100 860 per
1110 784 1230 845 multos
1240 801 1306 846 non
1318 787 1495 848 canonicos
1507 788 1600 850 brevi
1612 793 1761 867 tempore

119 887 164 948 de
188 888 294 979 Vinea
318 885 535 948 concanonici
560 885 674 958 uestri,
698 887 793 961 eujus
814 884 913 946 etiam
968 880 1131 942 inutiliter
1145 883 1393 954 consumuntur,
1411 885 1530 960 quibus
1545 889 1759 963 consumptis

119 985 258 1046 donatio
282 983 395 1044 advos
411 984 503 1044 nullo
528 983 637 1044 medio
660 981 856 1058 pertinebat,
874 979 914 1040 de
968 978 1064 1038 multi
1079 994 1122 1038 ex
1136 979 1305 1040 canonicis
1327 981 1541 1043 residentiam
1565 983 1687 1045 ibidem
1711 985 1764 1045 ta·
1795 1055 1802 1066 ἱ
1903 1053 1908 1060 ,

118 1081 295 1142 voluntate
318 1081 351 1140 et
371 1079 511 1140 consilio
535 1079 630 1140 bonae
657 1078 913 1142 100100νὶ0810-
969 1089 1055 1146 cere,
1081 1075 1115 1136 et
1141 1075 1233 1136 boris
1259 1076 1422 1140 interesse
1449 1081 1620 1140 canonicis
1646 1098 1764 1156 parum

118 1177 227 1254 pbani
242 1177 388 1252 episcopi
402 1177 516 1247 vestri,
533 1177 568 1236 in
581 1175 722 1236 ecclesia
738 1175 849 1236 vestra
864 1173 915 1234 te-

120 1274 234 1348 01011ος
262 1273 418 1336 videlicet
444 1273 481 1334 ut
505 1272 632 1334 tructus
657 1273 709 1332 illi
723 1272 764 1332 ad
786 1271 914 1346 agenda

120 1369 312 1432 communia
326 1369 457 1444 negotia
472 1371 629 1445 perpetuo
645 1368 785 1430 debeant
800 1367 913 1444 appli-

119 1464 912 1542 cari,sicutipsainstitutiorationabilitersacta,

120 1565 157 1626 et
171 1563 333 1624 hactenus
347 1561 533 1636 observata,
550 1562 583 1624 et
597 1563 632 1624 in
643 1562 835 1624 authentico
857 1577 913 1622 ex-

121 1660 205 1721 inde
226 1658 376 1721 00010010
398 1659 528 1736 plenius
547 1661 747 1732 continetur,
769 1657 916 1720 auctori-

122 1757 191 1819 1010
211 1756 401 1832 Apostolica
421 1757 665 1828 confirmamus,
683 1761 716 1818 at
742 1755 915 1834 praesentis

120 1854 238 1929 scripti
253 1854 437 1928 patrocinio
463 1854 716 1914 commuuimus.
731 1853 824 1912 Nulli
836 1867 914 1926 ergo

120 1950 258 2010 omuino
274 1950 445 2010 bominum
461 1950 560 2012 liccat
573 1951 659 2010 bano
670 1949 824 2026 paginam
837 1964 916 2008 nos-

120 2049 184 2108 trae
213 2047 474 2108 confirmationis
489 2047 683 2122 intringere,
713 2046 766 2108 vel
786 2047 817 2106 ei
831 2061 915 2106 ausu

118 2145 299 2206 temerario
328 2145 505 2206 contraire.
533 2144 569 2204 Si
604 2144 677 2220 quis
710 2145 820 2204 autem
852 2141 915 2202 boc

121 2239 834 2316 attentarepraesumpserit,indignationem
850 2253 916 2298 om·

121 2337 306 2412 nipotentis
320 2337 379 2398 Dei
401 2338 435 2398 et
461 2337 633 2398 beatorum
657 2337 748 2396 Petri
772 2337 805 2396 et
820 2335 915 2396 Pauli

122 2434 348 2508 apostolorum
376 2435 448 2509 eJus
474 2449 511 2493 se
531 2433 661 2494 noverit
688 2433 913 2492 incursurum.

122 2531 244 2590 Datum
257 2529 423 2600 Laterani,
431 2531 477 2590 ΧΙ
485 2529 553 2590 kal.
565 2528 691 2607 aprilis,
704 2528 916 2606 pontificatus

121 2626 232 2688 nostri
247 2642 333 2688 anno
350 2625 488 2688 decimo.

120 3055 176 3115 Ad
208 3053 345 3113 abbates
368 3053 403 3112 S.
435 3054 539 3112 Pauli
568 3047 919 3111 praemonstratensis

163 3152 308 3221 ordiale,
324 3151 359 3210 S.
380 3149 511 3209 Vttcnts
525 3149 559 3209 at
581 3149 616 3208 S.
636 3147 774 3221 Aperiat
794 3147 920 3205 Virdo-

163 3260 300 3306 aienses.

401 3321 435 3379 23
450 3321 544 3378 martii
561 3321 641 3379 1116.

122 3443 222 3509 [Fonds
235 3445 343 3502 Morcus,
357 3443 414 3495 1100.
427 3443 514 3502 101100,
530 3448 550 3492 t.
567 3443 711 3501 cxxxvii,
724 3441 791 3493 Bibl.
804 3439 918 3504 Nation]

123 3569 176 3626 Eis
187 3568 305 3625 mandat
319 3567 395 3624 uide
410 3567 574 3636 redditibus,
591 3566 759 3639 quibusdam
773 3566 920 3623 canonicis

161 3657 292 3714 ecclesis
304 3655 492 3716 virdunensis
505 3655 698 3727 assignandis,
712 3661 847 3712 statuant.

166 3791 346 3862 Honorius,
363 3791 437 3863 etc,
459 3789 588 3851 dilectis
603 3789 682 3850 liliis
698 3789 811 3851 Sancti
824 3789 921 3848 Pauli

125 3889 455 3948 Praemoustrateusis
469 3887 606 3957 ordinis,
622 3887 734 3947 Sancti
745 3887 875 3948 Vitonis
889 3885 922 3946 et

126 3985 241 4046 Sancti
273 3985 405 4059 0000101
437 3983 611 4044 abbatibus
644 3983 919 4054 Virduuensihus,

125 4081 268 4142 salutem
283 4083 315 4142 et
329 4082 551 4157 Apostolicam
565 4081 840 4142 benedictionem.

168 4175 440 4250 significantibus
452 4175 582 4237 dilectis
598 4175 676 4235 tiliis
689 4175 833 4252 capitulo
845 4177 923 4236 Vir-

969 1172 1096 1242 curant,
1112 1173 1346 1249 propterquod
1359 1174 1467 1236 debito
1481 1177 1620 1238 servitio
1635 1177 1767 1238 defrau-

968 1266 1066 1329 datur
1091 1269 1233 1330 ecclesia
1254 1273 1452 1343 memorata,
1476 1273 1571 1334 nobis
1594 1273 1766 1336 humiliter

969 1365 1208 1440 supplicarunt,
1230 1368 1266 1427 ut
1279 1383 1380 1443 super
1394 1367 1447 1427 bis
1460 1369 1594 1431 utilitati
1616 1371 1764 1446 eJusdem

969 1461 1117 1522 ecclesiae
1130 1461 1391 1524 misericorditer
1398 1466 1620 1540 providentes,
1630 1469 1678 1527 eis
1690 1483 1766 1528 con·

970 1557 1085 1618 cedere
1123 1558 1352 1634 dignaremur,
1389 1563 1426 1623 ut
1459 1565 1640 1638 proventus
1673 1565 1765 1640 ipsos

969 1655 1102 1730 possent
1121 1655 1156 1715 in
1176 1655 1387 1732 quotidianas
1407 1659 1659 1720 distributiones
1681 1677 1764 1722 con·

969 1752 1109 1822 vertere,
1127 1769 1208 1828 quos
1226 1754 1276 1812 illi
1298 1755 1469 1816 dumtaxat
1484 1757 1693 1832 perciperent
1708 1759 1765 1834 qul

969 1847 1140 1908 matutinis
1162 1851 1195 1910 et
1222 1849 1313 1910 boris
1347 1852 1518 1912 canonicis
1551 1853 1762 1916 interessent.

969 1943 1038 2002 Nos
1068 1943 1171 2018 igitur
1194 1945 1234 2004 de
1262 1945 1463 2008 discretione
1493 1951 1604 2010 vestra
1632 1951 1764 2026 plenam

970 2038 1124 2098 tiduciam
1138 2039 1333 2112 obtinentes
1349 2043 1470 2103 dictum
1486 2037 1655 2120 negotium
1670 2047 1765 2108 vobis

970 2135 1125 2195 duximus
1141 2137 1420 2209 committendum,
1438 2139 1630 2202 discretioni
1645 2137 1765 2205 restrae

969 2247 1029 2307 per
1040 2233 1230 2308 Apostolica
1248 2235 1371 2310 scripta
1391 2236 1588 2298 mandantes
1602 2239 1765 2314 quatenus

970 2328 1011 2388 ad
1022 2328 1196 2388 ecclesiam
1207 2331 1422 2392 memoratam
1434 2334 1654 2407 personaliter
1669 2351 1767 2396 acce-

970 2424 1099 2498 dentes,
1111 2425 1144 2486 et
1156 2425 1316 2487 babentes
1328 2443 1395 2502 praa
1409 2430 1514 2490 oculis
1530 2430 1636 2491 solum
1649 2435 1764 2506 Deum,

971 2523 1768 2604 statuatissuperbisiuquisitasuperpraemissis

971 2619 1163 2694 diligentius
1178 2620 1328 2691 veritate,
1342 2622 1427 2698 quod
1451 2623 1492 2682 ad
1513 2623 1672 2685 bonorem
1691 2626 1764 2698 Dei,

971 2716 1149 2777 utilitatem
1171 2717 1334 2789 ecclesiae,
1348 2720 1381 2779 et
1398 2719 1523 2779 cultum
1540 2721 1766 2796 ampliandum

972 2811 1131 2884 divinum,
1148 2812 1298 2874 videritis
1314 2815 1491 2890 pertinere,
1507 2818 1767 2879 contradictores

971 2923 1031 2984 per
1056 2923 1230 2969 censuram
1251 2911 1521 2984 ecclesiasticam,
1545 2914 1769 2990 appellatione

972 3005 1165 3081 postposita,
1177 3007 1427 3082 compescendo.
1438 3009 1566 3079 Quodsi
1577 3023 1768 3072 nonomnes

972 3101 1025 3161 bis
1054 3102 1275 3188 exsequendis
1297 3105 1472 3178 potueritis
1497 3107 1678 3178 iuteresse,
1701 3108 1768 3168 duo

972 3199 1117 3262 vestrum
1133 3214 1172 3259 aa
1187 3199 1404 3260 nibilominus
1417 3204 1635 3278 exequantur.
1649 3203 1770 3264 Datum

974 3295 1140 3366 Laterani,
1163 3297 1194 3356 X
1215 3295 1377 3357 kalendas
1399 3297 1532 3374 aprilis,
1560 3299 1771 3376 pontificatue

973 3391 1079 3453 nostri
1092 3406 1180 3452 anno
1191 3391 1329 3453 decimo.

1301 3639 1442 3728 CXXII

1053 3793 1105 3851 Ad
1116 3791 1322 3852 abbatissam
1336 3793 1370 3852 at
1384 3792 1590 3854 conventam
1600 3795 1692 3855 Novi

1263 3887 1481 3950 Moraastertt.

1255 4017 1290 4074 26
1305 4017 1399 4075 martii
1419 4018 1499 4076 1226.

1092 4138 1339 4204 [liittelrheiniscbes
1355 4140 1412 4197 Ub,
1426 4141 1470 4199 111,
1481 4140 1537 4200 228,
1550 4153 1577 4192 n.
1589 4141 1657 4206 282]

126 4271 281 4342 dunensi,
298 4288 359 4334 nos
373 4273 533 4333 „meritis
547 4272 715 4348 accepisse
729 4271 814 4348 quod
828 4271 922 4332 ponae
1008 4254 1151 4313 Ecclesiae
1163 4255 1259 4312 Sancti
1269 4254 1374 4311 aniani
1388 4261 1417 4311 et
1428 4256 1502 4312 Novi
1513 4256 1679 4314 Monasterii
1693 4257 1739 4314 010

126 4369 297 4431 memorias
318 4372 353 4429 L.
370 4369 590 4430 Virduuensis
602 4369 788 4446 episcopus,
803 4385 922 4429 00000-
1012 4359 1015 4366 ’
1294 4343 1453 4400 ⁰⁰¹¹s¹f¹¹¹⁸t·

127 4467 260 4528 sitatem
279 4467 432 4528 ecclesiae
446 4467 667 4528 virdunensis
690 4466 875 4538 attendens,
892 4466 924 4526 et
1017 4458 1184 4518 Honorius
1196 4457 1688 4534 episcopus,servusservorum
1698 4459 1769 4532 Dei,

128 4563 267 4640 cupiens
279 4564 314 4622 in
337 4563 451 4624 eadem
464 4563 606 4624 ecclesia
622 4563 747 4624 cultum
768 4562 923 4638 ampliari
978 4555 1106 4616 dilectis
1119 4555 1154 4614 in
1168 4554 1298 4615 Christo
1311 4555 1443 4614 filiabus
1456 4555 1632 4617 abbatissae
1648 4557 1773 4618 01000-

128 4658 290 4731 diviuum,
307 4675 382 4718 cum
397 4659 504 4719 eidem
528 4658 681 4718 canonici
700 4656 847 4719 redditus
862 4657 925 4718 ba·
977 4653 1091 4716 ventui
1104 4652 1190 4713 Novi
1205 4653 1412 4726 Monasterii,
1429 4654 1569 4715 salutem
1584 4655 1773 4731 01100010-

126 4755 243 4818 bentes
268 4755 367 4816 nimis
392 4757 508 4816 tenues
523 4755 559 4816 in
574 4755 646 4830 ipsa
661 4755 769 4816 minus
785 4753 924 4814 studiosi
979 4750 1077 4812 licam
1092 4749 1369 4810 benedictionem.

127 4853 305 4922 servirent,
327 4854 505 4928 proventus
522 4852 741 4912 thesaurariae
761 4850 922 4922 vacantia,
1019 4848 1099 4906 Cum
1114 4861 1134 4907 a
1148 4845 1243 4906 nobis
1262 4845 1396 4922 petitur,
1412 4846 1473 4907 etc.
1495 4847 1692 4923 Specialiter
1711 4865 1772 4908 au-

128 4965 202 5026 quae
226 4949 305 5010 tunc
324 4951 396 5010 erat
409 4950 444 5010 in
460 4949 601 5013 ecclesia
623 4948 816 5020 memorata,
831 4950 925 5024 cujus
979 4945 1045 5004 tem
1061 4945 1093 5002 S.
1107 4943 1228 5002 Auiani
1239 4943 1369 5003 etNovi
1386 4943 1581 5004 Monasterii
1601 4945 1771 5017 000100100,

128 5047 266 5108 donatio
294 5046 481 5122 pertinebat
510 5047 551 5107 ad
583 5044 689 5112 illum,
712 5045 752 5106 de
777 5046 926 5121 ipsorum
980 5039 1074 5101 vobis
1087 5055 1107 5099 0
1122 5039 1217 5100 bonae
1231 5040 1400 5100 memoriae
1414 5041 1447 5100 G.
1464 5041 1603 5101 Metensi
1619 5043 1773 5117 episcopo

128 5157 281 5213 assensu,
299 5143 488 5204 eorumdem
503 5141 671 5204 refectorii
687 5141 813 5213 usibus,
829 5141 927 5217 depu·
981 5137 1021 5198 de
1036 5136 1173 5214 capituli
1188 5136 1240 5196 sui
1256 5151 1395 5198 0000000
1415 5137 1469 5212 010
1491 5136 1689 5198 liberalitate
1704 5139 1776 5199 col-

128 5239 224 5309 tavit,
240 5239 274 5298 in
293 5253 351 5300 000
369 5239 424 5314 qui
439 5237 618 5314 proventus
633 5238 765 5298 eosdem
790 5238 825 5298 in
847 5253 926 5298 usus
981 5234 1077 5305 latas,
1102 5233 1188 5296 sicut
1210 5249 1267 5294 000
1288 5236 1389 5310 juste,
1407 5233 1566 5294 canonice
1586 5235 1619 5296 et
1637 5235 1775 5310 pacifice

130 5335 326 5398 convertere
340 5333 424 5395 alios
437 5336 560 5398 temere
575 5336 777 5396 attentarent
794 5349 928 5394 excom·
982 5329 1157 5408 possidetis
1181 5330 1215 5390 et
1237 5330 1273 5390 in
1296 5329 1453 5390 contectis
1469 5345 1569 5406 super
1588 5329 1651 5392 boc
1670 5333 1775 5406 ipsius

129 5430 368 5493 municationis
383 5431 580 5494 sententiam
596 5431 815 5506 proteread03
833 5434 927 5507 cujus
983 5426 1129 5504 episcopi
1147 5426 1268 5487 litteris
1295 5425 1417 5486 dicitur
1440 5427 1616 5494 contineri,
1633 5426 1727 5488 vobis
1742 5428 1775 5487 et

129 5529 292 5590 statutum
314 5543 333 5588 a
357 5527 451 5590 bonae
476 5528 645 5588 memoriae
666 5527 768 5588 Lucio
783 5529 829 5587 ΙΙΙ
843 5543 928 5603 0000
983 5539 1043 5602 per
1056 5539 1115 5586 vos
1128 5521 1328 5584 monasterio
1341 5523 1452 5583 vestro
1465 5523 1662 5584 auctoritate
1673 5525 1775 5597 Apos-

130 5623 378 5702 predecessore
392 5623 931 5700 00000000100100]0011111000-
983 5621 1084 5684 101100
1116 5619 1349 5682 confirmamus
1378 5620 1411 5680 et
1446 5618 1620 5695 praesentis
1659 5618 1806 5696 scripti·
