4114 6322
101 321 165 388 201,
719 323 947 385 EPIs'l'OLAE.
976 325 1054 386 LIB.
1078 328 1133 388 XI.

1683 341 1743 400 202

102 477 143 538 de
164 475 401 554 impedimento
422 477 559 540 luminis
576 495 640 557 quo
657 479 779 542 dicitur
797 480 895 543 labo·
951 484 1281 556 morum‚litterarum
1292 490 1444 564 scientia,
1456 491 1742 571 nobilitategene-

101 589 190 645 rare,
209 575 328 634 melius
347 575 377 636 01
399 591 547 652 praesens
571 575 671 638 luerit
691 577 802 640 valeat
823 577 897 639 deri
950 580 997 640 ris
1019 582 1052 642 ot
1075 584 1203 644 caeteris
1229 586 1295 648 tuae
1321 587 1494 663 probitatis
1523 593 1652 654 meritis
1679 595 1743 656 rite

101 669 743 749 0011100000,01000000000001000
761 690 895 736 causam
951 679 1097 752 pensatis
1118 680 1178 740 tibi
1203 686 1415 753 concesserit,
1435 693 1470 748 ut
1489 690 1742 765 praeposituram

102 768 210 846 ipsam
222 785 259 830 se
273 770 394 830 asserit
408 770 443 830 in
457 771 615 846 expensis
629 772 772 847 propriis
786 787 897 848 prose·
952 775 984 833 S.
1001 775 1156 848 Victoria,
1179 779 1218 838 de
1242 780 1448 843 Undenbeim
1472 785 1505 846 et
1524 785 1565 846 de
1588 789 1741 848 Genseim

102 867 226 935 cutum,
243 882 284 926 ne
299 867 380 942 ipsis
401 867 629 930 deficientibus
645 883 720 928 eam
742 868 896 929 deserere
951 871 1109 934 ecclesias
1121 891 1187 936 000
1201 889 1274 937 000
1288 877 1450 942 decanatu
1459 882 1571 942 valeas
1584 885 1738 958 retinere,

103 963 332 1038 compellatur,
348 964 454 1025 donec
469 967 541 1042 ipsa
558 981 654 1025 suum
675 965 833 1028 sortiatur
847 965 898 1026 el·
951 969 1140 1045 supplicans
1155 973 1249 1034 nobis
1263 975 1437 1049 instanter,
1452 979 1488 1039 ut
1503 978 1565 1040 boc
1578 981 1665 1042 idem
1680 982 1741 1042 tibi

102 1059 224 1134 lectum
243 1060 283 1120 de
297 1060 394 1121 bonis
406 1061 563 1138 episcopi,
580 1061 635 1138 qui
650 1063 830 1124 contumax
847 1063 898 1124 001
950 1080 992 1126 ex
1005 1065 1261 1142 disponsationis
1274 1075 1395 1134 nostrae
1408 1075 1516 1149 gratia
1528 1077 1738 1152 largiremur.

102 1157 307 1232 reputandus
332 1175 374 1218 ex
396 1173 436 1220 eo
461 1158 548 1235 qnod
566 1159 653 1220 siout
678 1159 778 1220 talem
807 1161 895 1222 misit
950 1163 1019 1224 Nos
1032 1166 1103 1238 ejus
1121 1167 1273 1241 precibus
1291 1170 1442 1233 inclinati
1459 1176 1491 1234 01
1505 1173 1661 1249 probitati
1676 1177 1742 1237 tuae

102 1255 267 1324 nuntium,
287 1254 334 1315 ita
355 1257 603 1331 procuratorem
620 1256 776 1318 idoneum
791 1258 898 1333 potuit
950 1260 1096 1322 fauorem
1128 1261 1273 1324 debitum
1308 1267 1549 1343 impendentes,
1572 1271 1681 1332 tecum
1705 1273 1743 1334 ut

102 1347 283 1422 destinare,
298 1349 332 1409 iu
348 1351 504 1426 expensis
525 1351 589 1412 sibi
608 1351 702 1428 petiit
716 1352 893 1428 provideri.
950 1356 1124 1433 praedictas
1148 1359 1324 1434 dignitates
1353 1365 1386 1425 01
1411 1365 1569 1426 ecelesias
1596 1369 1742 1429 retinere

103 1447 265 1518 Quocirca
280 1446 472 1508 discretioni
487 1449 606 1510 restrae
626 1465 685 1525 por
705 1450 896 1526 Apostolica
949 1451 1073 1522 valeas,
1088 1453 1283 1516 auctoritate
1294 1457 1483 1532 1000101100
1497 1460 1739 1536 dispensamus.

102 1544 226 1620 scripta
238 1544 443 1613 mandamus,
454 1547 616 1622 quatenus
637 1546 826 1624 episcopum
839 1547 895 1622 ip·-
950 1547 1042 1608 Nulli
1062 1563 1142 1624 ergo
1166 1552 1299 1612 omnino
1328 1552 1498 1616 hominum
1527 1556 1626 1618 liceat
1653 1559 1741 1618 0000

104 1655 176 1700 000
192 1640 235 1700 01
254 1641 401 1702 nostram
421 1643 529 1704 citetis
549 1642 897 1718 praesentiamtermi-
950 1645 1741 1728 0001000000000000000100101001000000.

103 1753 183 1798 000
198 1737 264 1798 sibi
279 1741 548 1815 peremptorium,
564 1740 720 1802 videlicet
733 1741 774 1801 ad
789 1741 895 1818 primo
952 1740 986 1800 si
1001 1741 1074 1816 quis
1089 1742 1209 1814 autem,
1226 1745 1288 1806 010.
1304 1747 1421 1806 Datum
1435 1749 1600 1821 Laterani,
1615 1751 1659 1811 VI
1673 1765 1738 1817 no-

102 1833 281 1894 venturum
292 1833 409 1894 festum
420 1836 572 1896 Omnium
582 1837 778 1897 Sanctorum
788 1836 823 1896 10
832 1852 895 1912 quo
950 1849 1011 1897 nes
1026 1837 1147 1910 martii,
1160 1840 1371 1916 pontificatus
1395 1845 1501 1906 nostri
1524 1861 1612 1906 anno
1637 1845 1742 1908 unde-

102 1929 325 2004 personaliter
339 1945 451 1992 coram
473 1929 569 1992 nobis
585 1932 776 2007 compareat
789 1933 897 2008 assig-
951 1933 1047 1994 0100.

101 2031 233 2096 nantes,
249 2027 283 2087 01
304 2026 344 2087 10
367 2027 524 2102 expensis
548 2027 717 2103 legitimis,
735 2031 770 2090 et
784 2029 897 2090 mode-

101 2122 197 2192 ratis,
215 2137 299 2198 quas
318 2121 407 2196 lecit,
424 2124 495 2200 ipse
510 2112 691 2186 canonicus
712 2140 732 2186 a
754 2125 897 2188 termino
1226 2165 1230 2171 ·
1260 2114 1424 2202 LXXIII

102 2233 160 2294 1³⁰ll
172 2219 336 2280 dessflflum
352 2223 628 2294 X³¹1⁰t⁰¹¹0¹1⁸⁰m⁹
643 2223 676 2284 ⁰²
699 2222 803 2298 19⁵1OE
827 2223 898 2284 ⁰⁰¹*
950 2261 1002 2322 Aa
1014 2263 1205 2323 Jobunncm
1219 2265 1741 2343 01001εο10.110011010100000

102 2313 195 2390 legas
225 2315 375 2392 pertibus
406 2318 594 2393 assignato,
624 2334 689 2394 qno
717 2335 754 2379 se
781 2320 896 2380 nostro

103 2412 295 2488 conspectui
315 2415 573 2488 praesentarent,
597 2413 704 2476 eidem
734 2416 896 2478 canonico

102 2507 142 2570 10
156 2507 256 2568 10010
270 2509 350 2570 dicti
363 2509 521 2586 episcopi,
534 2512 632 2586 prout
643 2513 771 2589 justum
784 2511 893 2584 suerit,

103 2604 260 2665 satisfieri
271 2604 440 2667 facientes.
453 2607 729 2681 contradictores,
741 2609 816 2680 010,
830 2625 896 2670 000

103 2700 312 2762 obstantibus
327 2703 446 2764 littoris
466 2703 543 2764 aliis
564 2721 584 2764 a
606 2705 689 2766 Sede
705 2706 896 2782 Apostolioa

103 2801 231 2873 preater
254 2800 425 2875 utriusque
449 2801 553 2876 partis
578 2817 717 2862 assensu
739 2801 892 2864 obtentis.

104 2894 266 2970 Quicquid
281 2910 360 2956 vero
375 2912 475 2973 super
498 2897 561 2959 boc
582 2898 745 2960 duxeritis
769 2898 897 2960 lacien-

103 2989 191 3062 dum,
207 2991 303 3052 nobis
314 2992 456 3054 fideliter
467 2994 669 3056 rescribatis.
684 2995 774 3067 Quod
787 2996 817 3056 si
829 3011 895 3056 non

1270 2362 1413 2434 fratrea.

1226 2488 1244 2553 1
1263 2491 1357 2547 martii
1374 2491 1452 2548 1116.

982 2599 1267 2666 [100101100001100.
1280 2604 1368 2665 latins,
1380 2609 1400 2748 tj
1414 2605 1572 2662 cxxxvlii.
1588 2606 1710 2658 Bibliotb.

1288 2684 1383 2734 aetion.

950 2785 1103 2845 Confirmat
1116 2787 1271 2858 libertates,
1289 2789 1374 2860 bona,
1399 2791 1605 2863 possessiones,
1624 2793 1737 2865 privile-

985 2874 1044 2948 gis,
1064 2875 1138 2946 jure,
1162 2875 1366 2948 immunitates,
1388 2881 1545 2950 praesertim
1568 2879 1695 2938 decimas
1712 2887 1741 2938 et

986 2962 1122 3020 ecclesias
1136 2965 1301 3021 monasterii
1314 2965 1408 3022 Sancti
1419 2966 1533 3024 Bertini.

103 3087 321 3160 omnes,etc.‚
341 3089 405 3152 100
426 3093 663 3160 0001000010.
689 3094 808 3154 Datum
831 3095 897 3153 La·
989 3087 1156 3149 Honorius
1167 3089 1352 3166 episcopus,
1364 3105 1479 3152 servus
1488 3093 1737 3166 servorumbei‚

102 3185 330 3257 tenacissimo
346 3203 450 3250 nonas
464 3189 588 3258 martii,
605 3205 693 3251 anno
707 3189 894 3252 undecimo.
951 3183 1080 3246 dilectis
1097 3184 1332 3248 111101010001
1346 3187 1457 3249 abbati
1477 3189 1589 3252 Sancti
1603 3189 1743 3259 Bertini,

951 3283 1089 3358 ejusque
1118 3281 1277 3344 tratribus
1293 3284 1368 3345 -tam
1397 3285 1616 3360 presentibus
1642 3301 1742 3361 quam

951 3376 1081 3448 1010010,
1098 3379 1285 3454 regularem
1310 3379 1412 3442 vitam
1427 3381 1585 3458 protessis
1604 3381 1640 3440 10
1662 3396 1743 3457 per·

951 3476 1095 3550 petuum.
1675 3559 1676 3564 γ

990 3571 1192 3648 Religiosam
1216 3571 1319 3632 vitam
1340 3571 1539 3648 eligentibus
1568 3573 1739 3650 Apostoli-

952 3683 1026 3728 cum
1049 3667 1204 3730 convenit
1218 3667 1337 3729 adesse
1359 3669 1563 3744 praesidium,
1588 3686 1631 3732 ne
1656 3669 1741 3732 forte

952 3763 1127 3840 cujuslibet
1156 3765 1354 3826 temeritatis
1377 3765 1531 3826 incursus
1560 3767 1618 3829 001
1644 3781 1744 3828 0000

952 3861 1119 3936 proposito
1142 3863 1285 3934 revocet,
1309 3862 1367 3922 aut
1388 3861 1501 3934 robur,
1532 3863 1619 3941 quod
1642 3863 1741 3936 absit,

952 3957 1417 4034 sacraereligionieinsringat.
1428 3961 1620 4036 Eapropter,
1630 3961 1743 4024 dilecti

952 4053 987 4114 in
1010 4055 1148 4116 Domino
1170 4055 1242 4126 lilii,
1259 4056 1379 4117 vestris
1396 4056 1498 4132 justis
1510 4057 1746 4132 postulationi-

952 4149 1014 4210 hus
1042 4152 1220 4213 clementer
1234 4151 1427 4224 annuimus,
1451 4153 1484 4212 et
1507 4152 1744 4214 monasterium

954 4249 1066 4308 Sancti
1085 4247 1211 4308 Bertini
1226 4247 1353 4308 invilla
1373 4247 1486 4308 Sancti
1500 4247 1691 4316 Andomari‚
1708 4248 1744 4308 10

953 4359 1017 4420 quo
1046 4343 1157 4404 divino
1183 4343 1363 4419 mancipati
1386 4343 1466 4404 00110
1488 4343 1656 4419 obsequio,
1683 4343 1743 4404 sub

104 4445 224 4506 dilecto
253 4443 322 4504 lilio
344 4444 379 4502 C.
412 4441 537 4504 decano
568 4442 779 4518 Magantino,
806 4441 899 4501 salu·
951 4439 1040 4502 beati
1064 4440 1155 4500 Petri
1180 4439 1213 4500 01
1240 4441 1353 4501 nostra
1380 4440 1583 4516 protectione
1602 4440 1746 4516 suscipi-

103 4545 181 4612 tem,
200 4541 263 4602 010.
952 4553 1036 4610 mus,
1053 4536 1086 4598 01
1100 4536 1273 4612 presentis
1287 4536 1401 4613 scripti
1412 4536 1587 4613 privilegio
1597 4553 1746 4598 commu-

144 4639 207 4710 Qui
222 4637 305 4699 bene
319 4637 454 4698 meritos
464 4635 614 4713 cupimus
630 4635 794 4706 inuenire,
809 4635 898 4696 10010
953 4633 1073 4703 01000,
1099 4633 1134 4693 10
1162 4631 1278 4708 primis
1298 4633 1460 4709 siquidem
1488 4633 1680 4704 statuentes,
1709 4633 1746 4695 ut

105 4735 263 4796 libentius
293 4734 496 4796 honoramus
519 4733 684 4804 inventos,
711 4733 833 4809 quanto
856 4731 897 4792 ad
953 4730 1033 4792 ordo
1062 4728 1274 4800 0000011000,
1298 4729 1354 4805 qui
1383 4729 1562 4790 secundum
1582 4732 1686 4790 Deum
1711 4731 1746 4792 et

105 4833 248 4894 studium
264 4831 448 4893 honestatis
462 4830 717 4891 desiderabilius
732 4829 898 4889 allicimus
953 4827 1041 4888 beati
1053 4826 1221 4887 Benedicti
1237 4825 1385 4902 regulam
1399 4825 1433 4885 10
1449 4825 1566 4886 eodem
1581 4828 1746 4888 monaste·

106 4930 290 5002 universos,
307 4945 381 4990 cum
407 4929 471 4990 etsi
492 4929 598 4990 uirtus
621 4927 721 4988 nullis
742 4925 897 4986 comitata
953 4925 1004 4984 rio
1033 4923 1202 4984 institutus
1230 4937 1304 4982 esse
1328 4922 1544 4998 dignoscitur,
1577 4924 1744 5000 perpetuis

106 5024 199 5086 bonis
213 5026 359 5088 exterius
378 5041 420 5086 ex
439 5041 475 5085 se
490 5025 533 5086 sit
548 5024 779 5101 principaliter
793 5038 897 5097 appe·
954 5019 1076 5082 ibidem
1100 5018 1302 5096 temporibus
1327 5019 1565 5080 inviolabiliter
1588 5019 1745 5082 observe-

108 5123 215 5194 tenda,
240 5123 327 5183 sicut
353 5124 464 5184 tamen
491 5121 601 5197 dignis
625 5119 899 5182 retributionibus
953 5118 1017 5178 tur.
1052 5117 1218 5176 Praeterea
1249 5132 1472 5192 quascumque
1505 5115 1743 5191 possessiones,

109 5219 279 5290 10000010,
289 5217 544 5280 desiderabilior
558 5218 717 5289 redditur,
731 5217 777 5278 ita
788 5217 899 5276 minus
955 5229 1171 5292 quaecumqua
1181 5211 1268 5274 bona
1278 5213 1365 5273 idem
1373 5211 1610 5273 monasterium
1619 5212 1654 5272 in
1664 5228 1746 5288 praa·

428 3481 570 3568 LXXII

102 3637 154 3696 Ad
177 3637 429 3709 Christianum,
451 3643 618 3702 decanum
640 3639 894 3716 Mupacnttnum.

391 3778 408 3836 1
427 3779 520 3836 martii
536 3779 614 3837 1111.

220 3905 398 3970 [Wnrdtweim
414 3911 484 3960 Nove
498 3910 627 3969 subsidia,
646 3909 688 3969 lv,
706 3907 773 3974 lta]

103 4032 134 4088 lli
149 4031 326 4090 0000011101
342 4033 556 4107 preposituram
570 4033 599 4092 S.
616 4033 739 4093 Victoris
750 4040 780 4091 et
794 4031 829 4090 de
843 4033 898 4093 Un-

136 4117 274 4178 denbeim
292 4129 320 4178 et
337 4121 373 4178 de
386 4123 519 4180 Genseim
538 4121 676 4180 ecclesias
693 4137 750 4178 una
766 4119 895 4178 00010-

141 4215 247 4265 000010
261 4212 351 4281 possit
363 4212 495 4268 retinere.

140 4347 310 4410 Honorius
321 4345 506 4426 episcopus,
518 4360 816 4406 serrasservorum
825 4345 896 4412 Dei,

110 5315 200 5378 tieret
227 5316 427 5393 appetibilis,
454 5315 494 5388 si,
521 5315 607 5391 quod
633 5313 730 5386 absit,
758 5313 900 5390 speratis
955 5310 1137 5370 sentiarum
1159 5311 1249 5386 juste
1271 5311 1303 5370 et
1316 5309 1476 5370 canonice
1500 5309 1657 5384 possidet,
1688 5309 1746 5369 001

108 5413 252 5489 praemiis
261 5413 482 5474 fraudaretur.
495 5414 575 5472 Cum
587 5411 690 5487 igitur
700 5409 900 5473 venerabilis
955 5407 990 5468 10
1014 5407 1160 5468 futurum
1180 5405 1393 5467 concessione
1415 5405 1619 5481 pontificum,
1637 5405 1744 5479 largi·

106 5510 209 5572 frater
242 5507 456 5588 C(onradus),
484 5508 679 5570 Portuensis
713 5508 898 5584 episcopus,
954 5504 1044 5566 tione
1059 5519 1173 5580 regum
1197 5500 1747 5577 velprincipum‚oblationeiide-

107 5609 185 5670 1000
212 5606 529 5684 apostolicaesedis
555 5606 695 5682 legatus,
726 5603 901 5665 honestate
955 5601 1048 5670 lium,
1069 5617 1129 5661 seu
1149 5597 1336 5674 aliisJ'ustis
1363 5598 1468 5658 modis
1484 5597 1661 5674 praestante
1679 5601 1746 5660 Do·
