4114 6322
123 306 187 368 145

123 464 283 540 scientes,
311 481 372 530 nos
393 465 642 530 venerabilibus
661 466 819 530 fratribus
841 484 921 530 nos-

121 565 188 626 tris
191 607 252 626 .....
266 564 461 624 Zuerinensi
465 608 525 626 .....
546 565 818 641 Racheburgensi
835 567 916 627 et...,

123 661 920 738 Lubicensiepiscopispernostraslitterasman-

122 758 270 829 davisse,
299 759 345 830 ut,
372 758 400 818 si
430 760 487 834 qui
510 761 643 820 eosdem
672 761 920 836 crucesignatos

123 859 242 916 eontra
256 856 472 932 protectionis
487 857 520 917 et
534 857 681 919 mandati
698 858 803 920 nostri
824 859 921 918 teno-

744 309 972 372 EPISTOLAE.
1000 307 1079 370 LIB.
1101 310 1157 372 XI.

1713 316 1770 376 llo

973 469 1164 546 Apostolica
1193 469 1317 548 scripta
1351 470 1570 545 mandamus,
1607 473 1770 551 quatenus

974 566 1165 644 hujusmodi
1189 583 1346 629 manuum
1369 567 1598 646 injectoribus,
1626 571 1692 631 nisi
1708 587 1770 634 eo-

973 678 1047 723 rum
1077 663 1222 726 difficilis
1238 663 1338 727 luerit
1359 667 1391 728 et
1418 667 1564 728 enormis
1595 683 1768 742 excessus,

975 763 1109 838 propter
1130 779 1225 838 quem
1253 763 1374 825 mortio
1394 765 1435 824 ad
1459 765 1576 826 Sedent
1602 767 1772 842 Apostoli-

975 875 1047 919 cam
1063 860 1129 920 sint
1140 860 1300 931 mittendi,
1313 877 1352 922 ac
1366 861 1442 922 aliis
1455 863 1484 922 si
1499 879 1534 924 se
1550 866 1770 926 correxerunt

122 969 196 1014 rem
211 955 336 1014 temere
357 953 534 1015 molestare
559 955 841 1032 praesumpserint,
855 955 920 1028 ipsi
971 955 1216 1032 juxtalormam
1230 959 1383 1020 Ecclesiae
1395 959 1567 1033 absolutis,
1580 962 1770 1038 etinjuncio
1809 961 1811 973 '

123 1065 182 1110 eos
198 1067 219 1110 a
232 1051 491 1126 praesumptione
515 1051 717 1128 hujusmodi,
740 1052 920 1114 monitione

123 1147 312 1224 praemissa,
341 1163 401 1224 per
436 1163 610 1210 censuram
643 1149 918 1220 ecclesiasticam,

122 1245 352 1320 appellatione
367 1246 505 1316 remota,
522 1246 655 1322 cognita
670 1246 809 1308 veritate
825 1263 920 1308 com-

121 1345 273 1418 pescant.
297 1343 415 1404 Datum
437 1344 605 1414 Laterani,
623 1345 666 1404 IV
682 1343 842 1404 kalendas
857 1344 920 1404 de-

122 1439 288 1514 cembris,
312 1439 525 1518 pontificatus
555 1440 662 1504 nostri
690 1456 779 1504 anno
812 1441 920 1502 unde-

122 1553 224 1600 crmo.

457 1771 590 1858 XVIII
627 1699 634 1712 ι

143 1933 198 1992 Ad
217 1932 374 1994 abbatem
395 1931 601 1992 monosterii
624 1931 762 1993 Soriotoe
776 1933 902 1994 Marte

201 2031 436 2101 Luctonensis,
452 2028 672 2090 Pictaoeosts
686 2031 850 2091 dtoecests.

395 2178 408 2234 l
425 2175 554 2233 decemb.
572 2175 650 2233 lato.

154 2310 276 2374 [llsgast.,
289 2308 334 2360 lib.
351 2308 395 2368 XI,
408 2323 448 2374 ep.
463 2308 519 2361 396.
532 2309 591 2360 blas.
604 2309 640 2360 La
651 2311 725 2362 Porta
739 2308 772 2358 du
784 2309 876 2372 Thell]

123 2435 205 2492 Facit
219 2435 246 2491 ei
261 2439 431 2505 potestatem
455 2433 613 2492 monachos
639 2431 779 2506 quosdam
803 2447 919 2492 monas·

157 2521 224 2578 terii
237 2519 293 2588 sui,
309 2523 359 2592 qui
370 2520 399 2576 in
410 2520 735 2579 excommnuicationem
751 2519 872 2578 diversis
886 2520 921 2578 de

157 2609 254 2667 causis
269 2611 457 2678 incurrerant,
473 2607 648 2666 absolvendi.

163 2745 331 2806 Honorius
342 2745 529 2820 episcopus,
540 2745 918 2817 servusservorumbei,

123 2843 246 2904 dilecto
271 2841 340 2902 lilio
344 2885 416 2901 ......
442 2839 553 2902 abbati
577 2841 770 2902 monasterii
791 2842 920 2902 Sanctae

126 2940 246 3000 Martae
267 2939 496 3010 Lucionensis,
522 2937 726 3000 Pictauensis
753 2937 918 3011 dioecesis,

126 3037 359 3108 salutemete.
542 3091 547 3103 ,

165 3137 217 3195 Ex
238 3135 308 3206 tua,
342 3133 389 3192 iili
414 3132 526 3205 abbas,
552 3133 779 3195 insinuatione
799 3133 920 3195 didici-

122 3249 209 3304 mus,
227 3231 313 3308 quod
328 3231 480 3292 nonnulli
495 3231 688 3291 monasterii
701 3233 749 3292 tui
767 3231 920 3293 monachi

124 3345 188 3407 pro
227 3328 375 3390 uiolenta
410 3343 568 3388 manuum
600 3329 779 3406 injectione
814 3329 848 3389 in
885 3345 920 3390 se

124 3428 230 3504 ipsos,
265 3431 299 3487 et
322 3426 461 3487 clericos
490 3426 669 3486 saeculares
694 3427 729 3486 in
758 3441 920 3487 canonem

123 3525 318 3586 inciderunt
341 3523 515 3584 sententiae
538 3523 765 3599 promulgatae,
787 3523 920 3600 quidam

121 3635 204 3681 vero
220 3621 254 3679 in
270 3619 385 3680 eodem
408 3619 611 3680 monasterio
627 3619 846 3682 simoniacum
865 3620 922 3680 ha·

120 3717 268 3778 buerunt
283 3717 480 3790 ingressum,
495 3715 554 3775 alii
569 3717 670 3777 etiam
684 3733 743 3792 pro
759 3717 920 3791 denegata

121 3815 195 3886 tibi,
223 3813 271 3873 iili
300 3813 413 3883 abbas,
440 3813 627 3874 obedientia
648 3813 769 3883 debita,
788 3813 920 3889 quidam

122 3914 236 3974 autem
255 3927 314 3988 pro
336 3911 524 3971 detentione
547 3911 672 3987 proprii
693 3911 922 3970 excommuni-

121 4009 268 4070 cationIs
293 4009 490 4069 sententiam
517 4007 747 4078 incurrerunt,
781 4023 920 4084 quorum

122 4107 260 4184 quidam
275 4105 493 4166 absolutionis
509 4105 670 4165 beneflcio
692 4121 759 4164 non
776 4105 918 4177 obtento,

121 4203 408 4281 praesumpserunt
443 4203 556 4262 divina
592 4201 701 4262 officia
739 4201 918 4274 celebrare,

121 4301 259 4377 quidam
277 4313 356 4361 vero
381 4299 421 4359 ad
445 4313 558 4358 sacros
584 4299 717 4358 ordines
742 4299 818 4362 suut
840 4315 921 4374 pro-

120 4397 216 4459 moti.
246 4399 293 4458 De
316 4397 464 4474 ipsorum
492 4397 604 4472 itaque
630 4396 737 4457 salute
756 4395 921 4456 sollicitus

121 4493 311 4572 postulasti,
343 4493 379 4554 ut
407 4509 480 4555 cum
508 4507 565 4552 eos
592 4491 706 4553 venire
731 4491 772 4552 ad
803 4493 919 4554 Sedem

120 4591 347 4667 Apostolicam
358 4589 534 4666 oporteret,
550 4589 582 4650 et
593 4589 773 4649 verendum
789 4605 920 4652 asseras

121 4705 164 4749 ne
180 4687 222 4748 ad
239 4689 386 4748 nostram
398 4687 561 4747 veniendo
586 4687 797 4762 praesentiam
812 4703 920 4763 vaga-

121 4788 242 4846 rentur
266 4787 300 4845 et
327 4783 445 4845 saluus
468 4786 562 4859 cujus
578 4799 680 4844 causa
700 4785 854 4845 venirent
868 4786 922 4845 in-

122 4883 299 4943 currerent
335 4881 589 4949 detrimentum,
618 4881 794 4956 providere
821 4899 922 4958 super

121 4979 186 5040 hoc
202 4977 788 5052 misericorditerdignaremur.Nos
810 4983 919 5039 autem

121 5079 256 5154 plenam
272 5075 312 5136 de
325 5075 418 5136 vobis
431 5075 585 5134 fiduciam
598 5073 794 5147 obtinentes,
810 5075 921 5136 consi-

122 5173 279 5235 derantes
304 5187 453 5249 quoque,
482 5171 567 5248 quod
601 5171 774 5247 religionis
808 5173 920 5234 levore

122 5271 227 5331 molta
250 5269 285 5329 in
309 5269 531 5345 regularibus,
558 5285 630 5344 quae
648 5285 714 5330 non
732 5271 921 5346 pateremur

122 5369 157 5427 in
183 5367 261 5428 aliis
283 5367 495 5438 sustinemus,
518 5367 710 5428 discretioni
725 5369 844 5430 vestrae
860 5385 921 5445 per

975 1053 1024 1113 als
1039 1054 1126 1130 quod
1142 1055 1182 1115 de
1199 1058 1274 1131 jnre
1299 1056 1400 1118 luerit
1427 1058 1678 1134 iniungendum,
1706 1059 1769 1120 ob-

976 1153 1108 1211 servata
1124 1167 1253 1228 quoque
1277 1151 1366 1213 circa
1389 1155 1590 1216 simoniacos
1604 1156 1769 1217 constitu-

975 1247 1065 1308 tione
1081 1249 1222 1308 Concilii
1233 1249 1411 1324 generalis,
1427 1251 1559 1313 faciatis
1572 1253 1771 1314 anctoritate

976 1344 1089 1406 nostra
1105 1361 1180 1406 cum
1205 1347 1383 1422 praedictis,
1408 1348 1464 1424 qui
1482 1349 1597 1410 taliter
1623 1349 1773 1410 celebra-

975 1443 1063 1514 runt,
1080 1443 1113 1504 et
1129 1459 1242 1504 sacros
1265 1443 1399 1505 ordines
1419 1449 1646 1522 susceperunt,
1674 1447 1772 1522 prout

976 1539 1162 1600 animarum
1178 1546 1313 1602 suarum
1328 1541 1427 1602 saluti
1438 1543 1588 1603 videritis
1602 1544 1768 1619 expedire.

976 1637 1095 1698 Datum
1110 1639 1276 1710 Laterani,
1294 1638 1446 1700 kalendis
1470 1640 1665 1714 decembris,
1683 1655 1771 1702 anno

976 1734 1162 1796 undecimo.

1326 1913 1418 2000 XIX

1005 2065 1056 2125 Ad
1077 2065 1231 2127 abbatem
1252 2065 1286 2127 et
1309 2069 1515 2155 conventam
1531 2067 1737 2129 moizostertt

1271 2160 1474 2226 Zoildensis.

1240 2292 1258 2349 l
1274 2291 1404 2350 decemb.
1425 2294 1504 2352 1226.

1085 2413 1345 2480 [wirtembergisches
1356 2417 1427 2476 Urk,
1440 2415 1483 2476 III,
1493 2416 1549 2476 soi,
1557 2431 1585 2466 n.
1594 2416 1662 2481 m]

976 2538 1025 2595 Eis
1036 2537 1084 2610 jus
1105 2545 1270 2611 patronatus
1285 2539 1414 2596 ecclesiae
1434 2541 1462 2597 S.
1483 2539 1579 2598 llariae
1598 2539 1769 2598 cladrubiu-

999 2627 1108 2772 gorzat
1134 2626 1296 2701 [Kledrau],
1322 2628 1520 2701 possessiones
1546 2635 1575 2686 et
1598 2629 1672 2686 bona
1702 2645 1770 2688 con-

1017 2841 1769 2920 Honoriusepiscopus,servusseruorumDei,

976 2937 1105 2998 dilectis
1121 2939 1237 2998 filiis...
1255 2939 1366 3000 abbati
1381 2941 1414 3000 et
1434 2941 1611 3003 conventui
1634 2956 1770 3001 monas-

975 3035 1051 3096 terii
1088 3035 1270 3096 Zvildensis
1308 3033 1540 3115 [tolerabant
1568 3038 1708 3116 salutem
1739 3039 1772 3099 et

975 3133 1198 3208 Apostoli0am
1213 3132 1488 3195 benedictionem.

980 3231 983 3234 ’
1014 3229 1118 3292 Justis
1149 3229 1331 3307 petentium
1357 3231 1532 3292 desideriis
1560 3231 1695 3308 dignum
1722 3231 1773 3294 est

975 3342 1036 3387 nos
1062 3325 1195 3388 facilem
1220 3327 1369 3404 praebere
1396 3343 1593 3390 consensum
1622 3331 1656 3390 et
1682 3331 1769 3402 vota,

976 3439 1084 3500 quasa
1105 3425 1247 3485 rationis
1262 3425 1394 3486 tramite
1416 3440 1483 3486 non
1499 3426 1699 3496 discordant,
1716 3425 1770 3486 ei-

976 3519 1063 3580 lectu
1100 3523 1320 3597 prosequente
1363 3522 1539 3596 complere.
1576 3523 1769 3598 eapropter,

976 3616 1089 3678 dilecti
1110 3616 1145 3676 in
1168 3618 1307 3678 Domino
1323 3617 1400 3686 tilii,
1416 3618 1536 3679 uestris
1546 3617 1648 3695 justis
1663 3620 1773 3694 postu-

976 3713 1156 3774 lationibus
1176 3716 1270 3790 grato
1290 3716 1527 3776 concurrentes
1543 3731 1694 3786 assensu,
1714 3719 1771 3792 jus

976 3813 1170 3886 patronatus
1185 3811 1336 3872 ecclesiae
1353 3814 1483 3873 Sanctae
1496 3813 1611 3872 Mariae
1627 3811 1770 3872 Cladru-

977 3907 1164 3979 brudensis,
1183 3909 1409 3986 possessiones
1424 3910 1533 3971 etalia
1546 3909 1632 3970 bona
1643 3911 1766 3985 vestra,

976 4021 1106 4066 necnon
1122 4005 1292 4067 libertates
1308 4007 1340 4067 et
1354 4007 1589 4078 immunitates
1612 4009 1771 4069 acratio-

977 4101 1107 4164 nabiles
1128 4105 1230 4164 vestri
1253 4105 1447 4164 monasterii
1468 4105 1724 4166 consuetudines
1739 4105 1772 4166 et

976 4199 1137 4260 hactenns
1151 4200 1356 4272 observatas
1374 4201 1460 4262 sicut
1483 4217 1523 4262 ea
1545 4203 1645 4276 Juste,
1669 4217 1773 4261 cano-

976 4297 1049 4357 nice
1064 4313 1104 4356 ac
1126 4297 1263 4374 pacifice
1289 4297 1455 4368 obtinetis,
1477 4297 1572 4358 vobis
1590 4300 1622 4359 et
1637 4313 1696 4374 per
1712 4314 1771 4360 vos

976 4394 1040 4470 ipsi
1058 4393 1261 4454 monasterio
1281 4397 1392 4454 vestro
1412 4395 1611 4455 auctoritate
1630 4397 1772 4470 Aposto-

975 4490 1040 4550 IIca
1066 4489 1313 4559 confirmamus,
1333 4491 1365 4551 et
1387 4492 1561 4568 praesentIs
1582 4491 1696 4568 scripti
1717 4509 1772 4570 pa·

975 4587 1117 4648 trocinio
1145 4587 1396 4648 communimus.
1418 4589 1510 4648 Nulli
1533 4605 1612 4666 ergo
1636 4589 1771 4652 omnino

976 4685 1147 4746 bominum
1170 4685 1269 4746 liceat
1284 4685 1371 4746 hanc
1384 4687 1539 4762 paginam
1555 4686 1676 4748 nostrae
1692 4705 1773 4750 con-

976 4783 1173 4842 firmationis
1199 4783 1393 4860 infringere,
1419 4784 1472 4845 uel
1498 4784 1529 4844 ei
1553 4801 1639 4845 ausu
1666 4787 1773 4847 teme-

976 4882 1068 4941 rario
1080 4881 1259 4940 contraire.
1275 4881 1393 4955 Siquis
1409 4881 1519 4941 autem
1536 4882 1598 4943 hoc
1608 4883 1771 4945 attentare

976 4978 1237 5054 praesumpserit,
1253 4977 1517 5052 indignationem
1536 4981 1770 5055 omnipotentis

976 5075 1047 5147 Dei,
1064 5075 1097 5136 et
1111 5075 1282 5136 beatorum
1306 5075 1396 5136 Petri
1421 5076 1454 5136 et
1478 5075 1575 5136 Pauli
1592 5077 1770 5152 Apostolo-

976 5189 1049 5233 rum
1077 5177 1160 5250 ejus,
1185 5189 1221 5234 se
1243 5173 1373 5233 noverit
1401 5173 1624 5233 incursurum.
1653 5175 1771 5235 Datum

976 5273 1146 5338 Laterani,
1171 5273 1200 5330 ll
1223 5285 1328 5330 nonas
1345 5269 1541 5343 decembris,
1560 5271 1771 5348 pontificatus

976 5369 1081 5430 nostri
1099 5383 1186 5429 anno
1207 5365 1391 5427 undecimo.
