4114 6322
773 329 1002 392 EPISTOLAE.
1026 328 1104 389 nie.
1126 329 1168 390 X.

500 496 596 584 CLX

263 657 315 716 Ad
341 657 571 729 Fridericom,
599 659 846 736 Rommmrum

419 755 677 826 imperatorem.

446 890 546 964 diunii
561 891 640 950 lant.

310 1021 446 1088 [lleklenb.
457 1022 578 1081 Urlsund„
594 1025 613 1082 i,
626 1023 714 1082 ³l9‚n.
730 1022 797 1088 aaa]

145 1159 220 1218 Eum
248 1163 332 1230 rogat
359 1163 388 1216 et
409 1155 536 1214 hortatur
561 1164 592 1214 ut
619 1157 753 1214 comitem
776 1155 812 1215 de
827 1156 940 1216 Zwerin

1730 328 1789 388 110

994 486 1159 548 bonorum
1183 485 1353 548 affluentia
1374 487 1639 560 circumdederit,
1666 488 1703 550 ut
1719 503 1788 554 nou

996 583 1157 660 oporteat,
1184 583 1269 660 quod
1290 599 1350 660 pro
1368 582 1496 645 modica
1522 583 1674 659 pecunia,
1691 599 1789 661 quam

996 680 1030 740 in
1046 680 1294 756 comparatione
1309 680 1445 742 honoris
1460 680 1508 742 tui
1528 697 1567 742 ac
1580 681 1677 742 ismae
1691 681 1790 742 debes

997 776 1093 853 quasi
1135 777 1378 854 sterquilinium
1414 779 1583 854 reputare,
1624 778 1789 839 maculam

997 874 1032 936 iu
1056 868 1163 949 gioria
1187 875 1245 936 tua
1271 889 1386 950 ponas.
1417 875 1471 934 Sic
1494 889 1574 950 ergo
1588 875 1789 938 monitiones

997 973 1129 1032 nostres
1144 971 1305 1032 exaudias
1320 971 1355 1031 in
1373 971 1436 1032 hac
1462 972 1565 1047 parte,
1586 971 1670 1048 quod
1686 971 1746 1032 alii
1758 973 1790 1032 te

998 1068 1134 1130 docente
1157 1069 1367 1144 cognoscant,
1394 1070 1553 1145 quantum
1577 1068 1790 1130 deterendum

998 1165 1041 1225 sit
1067 1165 1169 1240 regiae
1193 1165 1356 1240 dignitati,
1382 1167 1414 1226 et
1442 1167 1510 1228 tam
1535 1166 1652 1227 illicita
1677 1165 1791 1242 praeda

181 1245 335 1318 0⁰11¹i⁶¹¹³²
345 1253 375 1304 ut
395 1245 578 1306 Wildifflalo
603 1246 666 1318 regi
689 1245 783 1304 ”⁸01oe
815 1245 944 1304 restituat
998 1261 1110 1337 erepta
1124 1277 1184 1338 per
1196 1264 1228 1322 te
1239 1263 1279 1323 de
1291 1262 1441 1324 lancibus
1457 1263 1588 1324 comitis
1604 1262 1787 1339 sepedicti,

182 1335 298 1394 ⁰b⁸¹d0⁸
312 1343 340 1394 ⁹⁸
354 1335 514 1408 peculim
525 1345 610 1404 ‘luam
627 1333 662 1390 ab
672 1333 734 1406 ¹9⁵⁰
750 1347 800 1406 pro
816 1333 944 1392 libertate
998 1357 1161 1420 attentare
1189 1359 1312 1420 similia
1328 1359 1573 1436 pertimescant,
1595 1361 1628 1422 et
1645 1360 1716 1436 ipse
1730 1375 1792 1420 rex

181 1425 322 1500 receperit
337 1439 391 1482 nec
407 1438 472 1482 eum
492 1437 578 1499 super
596 1423 738 1480 solutione
753 1420 858 1481 residui
880 1437 941 1480 mo·

183 1512 277 1570 lestet.

186 1647 367 1719 Honorius,
390 1648 452 1710 etc.
666 1699 671 1708 .

187 1745 267 1806 Tria
276 1745 364 1816 sunt,
377 1761 452 1822 quae
463 1743 605 1806 debeant
614 1743 943 1820 circumspectionem

998 1453 1061 1516 hoc
1077 1455 1238 1516 beneflcio
1254 1459 1450 1532 provocatus
1469 1456 1530 1519 tibi
1552 1459 1718 1533 perpetuae
1733 1455 1793 1517 de-

997 1552 1141 1614 uotionis
1156 1553 1289 1614 vinculo
1307 1555 1523 1629 astringatur,
1545 1569 1671 1630 nosque
1686 1553 1793 1630 impe·

997 1649 1093 1710 rialis
1110 1649 1318 1712 celsitudinis
1337 1651 1581 1727 providentiam
1601 1649 1718 1714 meritc
1734 1651 1793 1711 dev

997 1745 1135 1807 beamus
1162 1747 1197 1806 in
1224 1748 1364 1810 Domino
1388 1748 1640 1819 commendare,
1668 1749 1790 1819 sciens,

146 1841 308 1904 inducere
334 1843 377 1904 ad
397 1841 546 1906 favorem
570 1841 743 1903 carissimo
765 1841 799 1902 in
813 1840 944 1902 Christo
998 1843 1095 1920 quod,
1120 1845 1184 1904 nisi
1206 1845 1330 1906 nostris
1352 1845 1501 1906 honestis
1516 1845 1668 1921 precihus
1683 1848 1717 1907 et
1731 1861 1792 1906 ex-

145 1938 218 2000 tilio
230 1939 343 2001 nostro
354 1939 555 2014 iilustriregi
572 1937 943 2013 Daciaeimpendendum
998 1941 1243 2002 hortationibus
1258 1941 1466 2018 acquieveris
1481 1943 1516 2002 in
1530 1943 1593 2004 hac
1607 1953 1712 2019 parte,
1729 1958 1791 2004 nos

143 2036 209 2098 suh
224 2036 306 2098 duro
322 2051 413 2107 casu,
430 2035 465 2098 in
480 2051 577 2112 quem
591 2051 650 2112 per
664 2035 800 2098 Henrici
814 2034 943 2098 comitis
998 2037 1113 2098 deesse
1136 2054 1203 2098 non
1225 2040 1405 2115 poterimus
1418 2037 1504 2100 dicto
1519 2040 1591 2114 regi
1605 2041 1673 2101 tam
1688 2055 1790 2115 aper-

145 2134 291 2204 Zwerim
301 2133 440 2198 vassalli
456 2135 520 2204 sui,
537 2133 711 2208 perfidiam
726 2132 874 2194 noscitur
885 2131 942 2192 iu-
997 2135 1065 2196 tam
1092 2135 1250 2211 injuriam
1268 2137 1419 2212 patienti,
1445 2152 1511 2196 non
1526 2137 1649 2213 absque
1671 2153 1790 2212 magno

144 2230 280 2292 cidisse.
303 2231 451 2294 Primum
475 2231 537 2300 est,
561 2229 646 2306 quod
666 2229 738 2305 ipse
751 2244 813 2290 rex
826 2227 887 2290 tibi
902 2227 942 2290 ad
998 2232 1170 2308 dispendio
1186 2232 1326 2293 subsidii
1349 2235 1461 2293 Terrae
1481 2235 1622 2305 Sanctae,
1640 2234 1680 2294 ad
1704 2235 1791 2310 quod
1862 2244 1864 2258 ³

143 2327 413 2390 exhortationem
457 2327 657 2403 Apostolicae
692 2326 787 2388 Sedis
821 2325 941 2397 astitit,
998 2328 1172 2404 magnifice
1200 2330 1456 2405 impendendum
1491 2333 1568 2394 ante
1603 2331 1791 2407 captionem

145 2426 235 2487 sicut
249 2424 349 2496 nosti,
374 2425 523 2501 tempore
537 2423 722 2500 opportuno
743 2423 776 2484 et
796 2423 943 2486 studiose
999 2441 1093 2486 suam
1108 2426 1266 2486 solemnis
1298 2428 1530 2502 promissionis
1542 2429 1677 2489 vinculo
1693 2443 1729 2490 se
1741 2413 1792 2489 a‘s·

144 2522 298 2584 adinum
315 2521 476 2586 honorem
491 2526 524 2582 et
535 2520 773 2584 exaltationem
788 2519 940 2581 intendit.
997 2523 1125 2594 triarii,
1135 2539 1196 2584 nee
1209 2523 1334 2600 absque
1341 2525 1539 2602 spostolicae
1555 2526 1650 2588 Sedis
1665 2527 1791 2602 injuria

147 2619 336 2682 Secundum
348 2619 409 2691 est,
421 2619 508 2695 quod
520 2619 608 2680 inter
618 2619 650 2680 te
659 2633 697 2680 ac
711 2617 820 2694 ipsum
831 2630 943 2692 regem
998 2619 1030 2680 et
1042 2621 1240 2697 contemptu,
1258 2621 1313 2680 cui
1327 2637 1466 2696 regnum
1491 2625 1562 2698 ejus
1584 2622 1791 2698 dignoscitur

144 2717 334 2779 amicabilis
349 2713 642 2778 confoederationis
655 2714 825 2776 vinculum
837 2714 944 2776 inter-
998 2715 1309 2782 censuale.1)atnm
1337 2717 1505 2790 Laterani,
1536 2719 1564 2778 V
1589 2719 1664 2779 idus
1689 2718 1788 2796 junii,

145 2814 258 2886 cessit,
276 2815 363 2876 sicut
375 2813 410 2876 in
431 2813 499 2876 tuis
523 2809 712 2889 patentibus
727 2811 860 2883 litteris,
881 2827 943 2874 au·-
997 2828 1086 2874 atino
1100 2813 1310 2890 pontificatus
1328 2815 1433 2876 nostri
1448 2813 1587 2876 decimo.

144 2927 207 2974 rea
223 2911 316 2974 bulla
330 2909 482 2992 munitis,
507 2909 736 2986 perspeximus
765 2908 940 2972 contineri.

144 3009 294 3071 Tertium
307 3009 370 3080 est,
386 3007 473 3084 quod
493 3008 526 3070 et
541 3007 569 3066 si
583 3006 787 3081 generaliter
806 3005 862 3069 lex
876 3021 941 3068 na·-

143 3109 231 3170 turae
246 3105 413 3182 deposcat,
432 3105 469 3166 ut
483 3103 581 3176 homo
604 3103 779 3166 subveniat
801 3103 940 3174 homini,

145 3203 290 3282 quodam
304 3203 415 3264 tamen
426 3201 565 3279 speciali
579 3200 689 3263 debito
703 3200 835 3264 tenetur
846 3199 947 3262 miles·

145 3301 246 3362 militi
268 3300 357 3362 ierne
374 3299 538 3362 auxilium
557 3299 591 3362 et
617 3312 680 3360 rex
693 3296 776 3374 reri,
799 3297 845 3368 ut,
869 3313 942 3373 quae

144 3399 255 3476 ipsum
276 3396 385 3460 reddit
409 3396 486 3458 aliis
501 3393 743 3466 honorabilem,
767 3394 839 3471 ipse
858 3407 943 3470 quo-

144 3511 210 3574 que
224 3493 367 3556 honoret
380 3494 416 3554 in
431 3491 566 3570 regibus
577 3491 704 3568 regiam
718 3490 940 3569 majestatem.

144 3589 604 3668 cumergopreeiatuscomes
625 3589 848 3664 edictorege,
866 3588 941 3648 dum

1015 3259 1068 3320 Ad
1090 3222 1291 3328 Hourtcum,
1315 3259 1475 3320 comitem
1495 3262 1767 3322 Zworiueusom.

1292 3395 1309 3454 9
1318 3393 1392 3469 iunii
1408 3397 1486 3456 iiic.

1089 3517 1272 3584 [lieklcnburg.
1287 3517 1464 3580 Urlruudenb,
1477 3519 1497 3582 i,
1508 3519 1564 3582 eie,
1578 3535 1605 3571 n.
1619 3521 1688 3588 325]

1214 3645 1256 3704 lie
1270 3643 1371 3706 eodem
1384 3653 1565 3720 argumento.

145 3691 279 3767 captum
306 3688 436 3750 teneret
458 3685 625 3758 euntdem,
649 3685 828 3748 extorserit
840 3688 942 3762 jnra-

144 3788 294 3849 mentum
306 3785 347 3846 de
359 3784 639 3846 dandissibiiiiiis
653 3783 722 3844 suis
738 3782 940 3856 subsidibus,
1037 3783 1218 3856 Honorius,
1231 3785 1306 3856 etc,
1325 3782 1438 3844 comiti
1451 3783 1667 3854 zwerinensi,
1682 3783 1744 3846 etc.

145 3887 180 3947 et
199 3885 240 3945 de
255 3883 414 3944 solvenda
429 3881 493 3942 sibi
509 3881 650 3958 quadam
665 3880 816 3956 pecuniae
831 3896 941 3956 quan·
1038 3881 1124 3941 Olim
1140 3881 1353 3952 credidimus,
1377 3880 1462 3957 quod
1478 3879 1636 3956 grandem
1660 3883 1693 3942 et
1711 3897 1791 3958 gra-

145 3983 253 4054 titate,
276 3980 490 4042 serenitatem
509 3981 602 4039 tuam
622 3977 745 4038 attente
760 3977 941 4052 rogandam
996 3993 1070 4040 vem
1085 3979 1261 4051 maculam,
1273 3993 1372 4056 quam
1387 3977 1422 4038 in
1436 3979 1493 4040 tua
1506 3977 1593 4039 lama
1606 3978 1790 4055 improvide
1813 4017 1815 4019 -

147 4080 303 4140 duximus
316 4079 349 4139 et
362 4075 571 4148 hortandam,
586 4075 750 4152 quatenus
762 4071 943 4150 prudenter
997 4076 1148 4154 posuisti,
1164 4077 1375 4136 carissimum
1390 4077 1424 4136 in
1441 4075 1570 4138 Christo
1588 4077 1693 4136 illium
1704 4093 1788 4137 nos-

147 4177 322 4238 attendens
343 4173 516 4246 malitiam,
532 4189 632 4250 quam
654 4171 762 4233 dicius
783 4173 941 4233 comesin
996 4175 1085 4235 trum
1115 4174 1280 4235 illustrem
1316 4187 1427 4248 regem
1465 4173 1585 4244 Daciae,
1621 4173 1789 4233 dominum

147 4275 256 4351 ipsum
271 4289 384 4348 regem
403 4271 563 4341 exercuit,
585 4285 661 4330 esse
684 4285 750 4330 non
764 4269 871 4329 solum
885 4285 943 4330 ra·
972 4333 973 4336 ,
995 4272 1099 4342 tuum,
1121 4273 1218 4346 rupto
1240 4269 1409 4330 fidelitatis
1428 4269 1561 4340 hedera,
1580 4269 1787 4344 captivando,

146 4370 347 4438 bonefacii,
370 4369 427 4430 sed
442 4367 542 4430 etiam
553 4368 687 4430 sabone
700 4367 844 4442 exempli
858 4382 940 4441 gra-
996 4367 1159 4429 excitatus
1185 4365 1470 4442 increpationibus
1505 4366 1703 4441 apostolicis
1729 4381 1788 4428 re-

146 4485 222 4534 vem
233 4472 267 4531 et
292 4466 489 4529 omnimodis
502 4465 738 4536 detestandam,
754 4479 794 4524 ac
808 4479 867 4540 per
879 4464 942 4524 hoc
996 4479 1225 4540 cognosceres,
1240 4465 1284 4534 et,
1301 4464 1409 4538 ipsum
1430 4477 1541 4538 regem
1550 4463 1649 4539 Juxta
1665 4463 1791 4524 exhor-

146 4583 209 4630 nec
229 4567 358 4634 decere,
375 4579 436 4624 nec
457 4563 626 4639 expedire,
648 4561 685 4622 ut
696 4561 784 4638 apud
796 4563 829 4622 te
843 4561 940 4622 savo·
995 4559 1136 4622 tationes
1150 4559 1281 4620 nostras
1294 4557 1399 4619 libere
1412 4557 1618 4630 dimittendo,
1639 4560 1788 4622 eamdem

145 4670 218 4726 rem
242 4663 393 4726 inveniat
413 4661 520 4722 dicius
547 4675 668 4730 comes,
699 4659 756 4735 qui
778 4659 941 4720 vassallos
997 4658 1160 4721 maculam
1176 4671 1234 4732 per
1257 4657 1331 4718 cite
1351 4655 1588 4720 satisfactionis
1605 4657 1789 4719 remedium

146 4763 264 4824 contra
286 4761 439 4822 dominos
465 4761 500 4820 et
525 4757 672 4834 privans
700 4757 817 4816 contra
844 4771 942 4832 reges
996 4753 1789 4830 aboleresTuvero,curaiamaetuaeposthabita

145 4859 301 4935 exemplo
329 4873 399 4918 suae
424 4855 653 4932 perversitatis
679 4853 823 4914 armavit
848 4869 943 4914 eum·
996 4855 1029 4915 et
1053 4852 1276 4913 inculcatione
1307 4866 1440 4928 precum
1471 4866 1510 4912 ac
1547 4853 1789 4928 preceptorum

146 4958 233 5028 dem,
250 4959 286 5016 ut
300 4955 365 5032 ipsi
379 4953 450 5030 regi
470 4953 624 5014 restituat
643 4951 774 5013 obsides
789 4952 822 5012 et
841 4966 943 5027 pecu·
997 4953 1184 5031 nostrorum
1212 4949 1344 5026 penitus
1370 4947 1537 5020 obaudita,
1560 4948 1601 5010 ab
1620 4950 1693 5026 ipso
1711 4967 1790 5026 rege

146 5055 252 5124 niam,
275 5069 373 5130 quam
385 5055 455 5129 jam
478 5049 519 5111 ab
542 5050 616 5126 ipso
632 5049 767 5125 recepit,
785 5064 847 5109 nec
866 5065 941 5109 eum
996 5047 1166 5110 extorsisti
1178 5045 1439 5123 perviolentiam
1448 5047 1685 5123 juramentum,
1703 5047 1789 5127 quod

148 5167 251 5228 super
274 5149 439 5210 solutione
463 5146 590 5208 residui
615 5145 793 5206 molestare
809 5161 941 5221 praesu·-
997 5147 1082 5206 lilios
1107 5159 1185 5205 suos
1210 5143 1341 5206 obsides
1367 5143 1427 5204 tibi
1452 5143 1544 5203 daret
1564 5144 1596 5203 et
1615 5143 1791 5220 quamdam

147 5251 227 5320 mat,
244 5247 366 5309 tradita
381 5245 442 5306 tibi
461 5244 591 5304 coelitus
612 5243 773 5320 potestate
793 5243 942 5318 compei·
996 5243 1056 5305 tihi
1069 5241 1213 5303 solveret
1229 5241 1376 5317 [recriniae
1392 5240 1619 5318 quantitatem,
1634 5241 1741 5318 ipsum
1755 5243 1790 5302 in

147 5348 209 5419 las,
226 5344 414 5419 contempta
430 5343 524 5418 parte
545 5341 650 5417 ipsius
666 5341 826 5416 pecuniae,
842 5357 941 5417 quarn
997 5342 1050 5401 his
1067 5342 1099 5401 et
1122 5340 1198 5400 aliis
1223 5337 1478 5399 intolerabiliter
1507 5339 1733 5412 aggravando,
1756 5339 1812 5398 in'

147 5444 248 5506 debes
275 5441 435 5516 recipere,
471 5439 557 5503 sicut
580 5439 695 5510 sertum,
723 5455 797 5498 cum
820 5439 942 5498 divinae
997 5453 1099 5514 grave
1115 5435 1343 5514 praejudicium
1366 5434 1506 5494 subsidii
1520 5437 1630 5496 Terrae
1647 5437 1787 5508 Sanctae,

149 5541 315 5618 largitatis
327 5538 515 5614 benignitas
534 5537 584 5598 sic
608 5537 669 5598 tibi
683 5536 853 5612 aperuerit
867 5551 942 5596 ma·
997 5536 1038 5596 ad
1059 5535 1145 5612 quod
1160 5533 1335 5608 magnifice
1350 5532 1604 5608 impendendum
1618 5533 1694 5592 ante
1708 5548 1790 5609 cap-

149 5625 211 5701 nus
227 5653 306 5700 suas
320 5637 418 5714 teque
427 5635 519 5696 mnis
531 5634 723 5696 divitiarum
733 5633 942 5710 aliorumque
996 5635 1120 5696 tionem
1134 5647 1229 5692 suam
1241 5630 1400 5692 solemnis
1413 5628 1644 5707 promissionis
1657 5629 1791 5694 vincalo
