<?xml version="1.0" encoding="UTF-8"?>
<!DOCTYPE html PUBLIC "-//W3C//DTD XHTML 1.0 Transitional//EN"
    "http://www.w3.org/TR/xhtml1/DTD/xhtml1-transitional.dtd">
<html xmlns="http://www.w3.org/1999/xhtml" xml:lang="en" lang="en">
 <head>
  <title>
</title>
<meta http-equiv="Content-Type" content="text/html;charset=utf-8" />
  <meta name='ocr-system' content='tesseract 3.04.00' />
  <meta name='ocr-capabilities' content='ocr_page ocr_carea ocr_par ocr_line ocrx_word'/>
</head>
<body>
  <div class='ocr_page' id='page_1' title='image "./mediiaevibiblio03horogoog_0092.png"; bbox 0 0 4114 6322; ppageno 0'>
   <div class='ocr_carea' id='block_1_1' title="bbox 116 375 1763 462">
    <p class='ocr_par' dir='ltr' id='par_1_1' title="bbox 116 375 1763 462">
     <span class='ocr_line' id='line_1_1' title="bbox 116 375 1763 462; baseline 0.017 -28"><span class='ocrx_word' id='word_1_1' title='bbox 116 375 181 436; x_wconf 83' lang='lat'><strong>153</strong></span> <span class='ocrx_word' id='word_1_2' title='bbox 731 383 959 445; x_wconf 79' lang='lat' dir='ltr'>EPISTOLAE.</span> <span class='ocrx_word' id='word_1_3' title='bbox 987 387 1066 447; x_wconf 83' lang='lat' dir='ltr'><strong>LIB.</strong></span> <span class='ocrx_word' id='word_1_4' title='bbox 1080 375 1145 450; x_wconf 78' lang='lat' dir='ltr'><strong>xl.</strong></span> <span class='ocrx_word' id='word_1_5' title='bbox 1588 427 1594 440; x_wconf 90' lang='lat'><em>·</em></span> <span class='ocrx_word' id='word_1_6' title='bbox 1706 401 1763 462; x_wconf 78' lang='lat'><strong>154</strong></span> 
     </span>
    </p>
   </div>
   <div class='ocr_carea' id='block_1_2' title="bbox 109 529 1764 2576">
    <p class='ocr_par' dir='ltr' id='par_1_2' title="bbox 109 529 1764 1896">
     <span class='ocr_line' id='line_1_2' title="bbox 109 529 1764 628; baseline 0.016 -34"><span class='ocrx_word' id='word_1_7' title='bbox 109 533 222 608; x_wconf 84' lang='lat' dir='ltr'><strong>grint:</strong></span> <span class='ocrx_word' id='word_1_8' title='bbox 237 535 490 598; x_wconf 81' lang='lat' dir='ltr'><strong>Frethehelmus</strong></span> <span class='ocrx_word' id='word_1_9' title='bbox 514 537 554 598; x_wconf 93' lang='lat' dir='ltr'><strong>de</strong></span> <span class='ocrx_word' id='word_1_10' title='bbox 569 539 670 612; x_wconf 88' lang='lat' dir='ltr'><strong>Poch,</strong></span> <span class='ocrx_word' id='word_1_11' title='bbox 687 540 912 604; x_wconf 79' lang='lat' dir='ltr'><strong>Theodoricus</strong></span> <span class='ocrx_word' id='word_1_12' title='bbox 938 529 941 536; x_wconf 50' lang='lat'><strong>⁴</strong></span> <span class='ocrx_word' id='word_1_13' title='bbox 967 547 1122 623; x_wconf 82' lang='lat' dir='ltr'>stagnum</span> <span class='ocrx_word' id='word_1_14' title='bbox 1138 551 1298 628; x_wconf 88' lang='lat' dir='ltr'><strong>usquead</strong></span> <span class='ocrx_word' id='word_1_15' title='bbox 1321 553 1634 617; x_wconf 87' lang='lat' dir='ltr'><strong>Dunemnndensem</strong></span> <span class='ocrx_word' id='word_1_16' title='bbox 1648 557 1764 620; x_wconf 88' lang='lat' dir='ltr'><strong>termi-</strong></span> 
     </span>
     <span class='ocr_line' id='line_1_3' title="bbox 111 631 1764 729; baseline 0.016 -38"><span class='ocrx_word' id='word_1_17' title='bbox 111 631 155 692; x_wconf 92' lang='lat' dir='ltr'><strong>de</strong></span> <span class='ocrx_word' id='word_1_18' title='bbox 172 633 326 704; x_wconf 87' lang='lat' dir='ltr'><strong>Escerde,</strong></span> <span class='ocrx_word' id='word_1_19' title='bbox 345 632 522 698; x_wconf 87' lang='lat' dir='ltr'><strong>Lutbertus</strong></span> <span class='ocrx_word' id='word_1_20' title='bbox 536 636 576 696; x_wconf 92' lang='lat' dir='ltr'><strong>de</strong></span> <span class='ocrx_word' id='word_1_21' title='bbox 591 637 789 715; x_wconf 87' lang='lat' dir='ltr'><strong>Northorpe,</strong></span> <span class='ocrx_word' id='word_1_22' title='bbox 805 641 911 702; x_wconf 87' lang='lat' dir='ltr'><strong>advo·</strong></span> <span class='ocrx_word' id='word_1_23' title='bbox 969 646 1095 706; x_wconf 92' lang='lat' dir='ltr'><strong>minum</strong></span> <span class='ocrx_word' id='word_1_24' title='bbox 1105 647 1351 725; x_wconf 88' lang='lat' dir='ltr'><strong>descendendo;</strong></span> <span class='ocrx_word' id='word_1_25' title='bbox 1366 651 1453 713; x_wconf 88' lang='lat' dir='ltr'><strong>inter</strong></span> <span class='ocrx_word' id='word_1_26' title='bbox 1465 653 1642 729; x_wconf 86' lang='lat' dir='ltr'><strong>praedictos</strong></span> <span class='ocrx_word' id='word_1_27' title='bbox 1653 656 1764 718; x_wconf 88' lang='lat' dir='ltr'><strong>autem</strong></span> 
     </span>
     <span class='ocr_line' id='line_1_4' title="bbox 111 731 1764 825; baseline 0.015 -35"><span class='ocrx_word' id='word_1_28' title='bbox 111 731 210 790; x_wconf 88' lang='lat' dir='ltr'><strong>catus</strong></span> <span class='ocrx_word' id='word_1_29' title='bbox 234 731 503 804; x_wconf 88' lang='lat' dir='ltr'><strong>peregrinorum,</strong></span> <span class='ocrx_word' id='word_1_30' title='bbox 530 734 710 796; x_wconf 82' lang='lat' dir='ltr'><strong>llelmodus</strong></span> <span class='ocrx_word' id='word_1_31' title='bbox 737 736 777 796; x_wconf 90' lang='lat' dir='ltr'><strong>de</strong></span> <span class='ocrx_word' id='word_1_32' title='bbox 802 737 913 798; x_wconf 92' lang='lat' dir='ltr'><strong>Lune-</strong></span> <span class='ocrx_word' id='word_1_33' title='bbox 968 741 1050 803; x_wconf 86' lang='lat' dir='ltr'><strong>fines</strong></span> <span class='ocrx_word' id='word_1_34' title='bbox 1062 745 1386 822; x_wconf 88' lang='lat' dir='ltr'><strong>comprehendantur</strong></span> <span class='ocrx_word' id='word_1_35' title='bbox 1413 752 1507 825; x_wconf 91' lang='lat' dir='ltr'><strong>prata</strong></span> <span class='ocrx_word' id='word_1_36' title='bbox 1532 751 1619 812; x_wconf 88' lang='lat' dir='ltr'><strong>facta</strong></span> <span class='ocrx_word' id='word_1_37' title='bbox 1643 754 1697 814; x_wconf 89' lang='lat' dir='ltr'><strong>vel</strong></span> <span class='ocrx_word' id='word_1_38' title='bbox 1712 753 1764 815; x_wconf 88' lang='lat' dir='ltr'><strong>fa-</strong></span> 
     </span>
     <span class='ocr_line' id='line_1_5' title="bbox 109 824 1763 923; baseline 0.018 -39"><span class='ocrx_word' id='word_1_39' title='bbox 109 824 210 900; x_wconf 87' lang='lat' dir='ltr'><strong>burg,</strong></span> <span class='ocrx_word' id='word_1_40' title='bbox 228 827 406 886; x_wconf 90' lang='lat' dir='ltr'><strong>Heinricus</strong></span> <span class='ocrx_word' id='word_1_41' title='bbox 419 827 459 889; x_wconf 93' lang='lat' dir='ltr'><strong>de</strong></span> <span class='ocrx_word' id='word_1_42' title='bbox 479 830 542 902; x_wconf 90' lang='lat' dir='ltr'><strong>Lit,</strong></span> <span class='ocrx_word' id='word_1_43' title='bbox 559 833 705 892; x_wconf 89' lang='lat' dir='ltr'><strong>Joannes</strong></span> <span class='ocrx_word' id='word_1_44' title='bbox 727 832 767 893; x_wconf 93' lang='lat' dir='ltr'><strong>de</strong></span> <span class='ocrx_word' id='word_1_45' title='bbox 786 835 913 894; x_wconf 87' lang='lat' dir='ltr'><strong>Bekes-</strong></span> <span class='ocrx_word' id='word_1_46' title='bbox 967 841 1095 910; x_wconf 90' lang='lat' dir='ltr'><strong>cienda,</strong></span> <span class='ocrx_word' id='word_1_47' title='bbox 1124 859 1197 920; x_wconf 79' lang='lat' dir='ltr'><strong>quea</strong></span> <span class='ocrx_word' id='word_1_48' title='bbox 1226 847 1303 906; x_wconf 92' lang='lat' dir='ltr'><strong>sunt</strong></span> <span class='ocrx_word' id='word_1_49' title='bbox 1337 847 1425 908; x_wconf 91' lang='lat' dir='ltr'><strong>inter</strong></span> <span class='ocrx_word' id='word_1_50' title='bbox 1451 849 1584 923; x_wconf 92' lang='lat' dir='ltr'><strong>pontem</strong></span> <span class='ocrx_word' id='word_1_51' title='bbox 1616 850 1657 910; x_wconf 90' lang='lat' dir='ltr'><strong>de</strong></span> <span class='ocrx_word' id='word_1_52' title='bbox 1694 854 1763 913; x_wconf 89' lang='lat' dir='ltr'><strong>Ro·</strong></span> 
     </span>
     <span class='ocr_line' id='line_1_6' title="bbox 111 921 1759 1024; baseline 0.018 -44"><span class='ocrx_word' id='word_1_53' title='bbox 111 921 254 993; x_wconf 79' lang='lat' dir='ltr'><strong>bovada,</strong></span> <span class='ocrx_word' id='word_1_54' title='bbox 271 924 911 1002; x_wconf 81' lang='lat' dir='ltr'><strong>lingelbertusdeTisenbusen,Jacohus</strong></span> <span class='ocrx_word' id='word_1_55' title='bbox 967 937 1105 1014; x_wconf 92' lang='lat' dir='ltr'><strong>denpois</strong></span> <span class='ocrx_word' id='word_1_56' title='bbox 1118 943 1150 1001; x_wconf 89' lang='lat' dir='ltr'><strong>et</strong></span> <span class='ocrx_word' id='word_1_57' title='bbox 1165 941 1240 1002; x_wconf 91' lang='lat' dir='ltr'><strong>illos</strong></span> <span class='ocrx_word' id='word_1_58' title='bbox 1257 941 1339 1004; x_wconf 90' lang='lat' dir='ltr'><strong>duos</strong></span> <span class='ocrx_word' id='word_1_59' title='bbox 1354 947 1482 1006; x_wconf 91' lang='lat' dir='ltr'><strong>montes</strong></span> <span class='ocrx_word' id='word_1_60' title='bbox 1498 961 1599 1022; x_wconf 85' lang='lat' dir='ltr'><strong>prope</strong></span> <span class='ocrx_word' id='word_1_61' title='bbox 1615 949 1759 1024; x_wconf 89' lang='lat' dir='ltr'><strong>pontem,</strong></span> 
     </span>
     <span class='ocr_line' id='line_1_7' title="bbox 112 1019 1760 1120; baseline 0.018 -42"><span class='ocrx_word' id='word_1_62' title='bbox 112 1019 155 1080; x_wconf 89' lang='lat' dir='ltr'><strong>de</strong></span> <span class='ocrx_word' id='word_1_63' title='bbox 175 1019 273 1092; x_wconf 87' lang='lat' dir='ltr'><strong>Urbe,</strong></span> <span class='ocrx_word' id='word_1_64' title='bbox 296 1021 386 1082; x_wconf 90' lang='lat' dir='ltr'><strong>cives</strong></span> <span class='ocrx_word' id='word_1_65' title='bbox 400 1023 564 1098; x_wconf 88' lang='lat' dir='ltr'><strong>Rigenses</strong></span> <span class='ocrx_word' id='word_1_66' title='bbox 579 1047 587 1084; x_wconf 91' lang='lat'><strong>:</strong></span> <span class='ocrx_word' id='word_1_67' title='bbox 604 1027 753 1087; x_wconf 90' lang='lat' dir='ltr'><strong>Luderus</strong></span> <span class='ocrx_word' id='word_1_68' title='bbox 767 1028 912 1092; x_wconf 90' lang='lat' dir='ltr'><strong>advoca·</strong></span> <span class='ocrx_word' id='word_1_69' title='bbox 967 1035 1071 1112; x_wconf 90' lang='lat' dir='ltr'><strong>quise</strong></span> <span class='ocrx_word' id='word_1_70' title='bbox 1097 1039 1210 1100; x_wconf 92' lang='lat' dir='ltr'><strong>mutuo</strong></span> <span class='ocrx_word' id='word_1_71' title='bbox 1237 1042 1420 1116; x_wconf 90' lang='lat' dir='ltr'><strong>respiciunt</strong></span> <span class='ocrx_word' id='word_1_72' title='bbox 1446 1045 1561 1104; x_wconf 89' lang='lat' dir='ltr'><strong>contra</strong></span> <span class='ocrx_word' id='word_1_73' title='bbox 1585 1047 1760 1120; x_wconf 68' lang='lat' dir='ltr'><strong>stagnum</strong></span> 
     </span>
     <span class='ocr_line' id='line_1_8' title="bbox 109 1117 1762 1217; baseline 0.016 -40"><span class='ocrx_word' id='word_1_74' title='bbox 109 1119 181 1188; x_wconf 82' lang='lat' dir='ltr'><strong>tus,</strong></span> <span class='ocrx_word' id='word_1_75' title='bbox 198 1117 387 1178; x_wconf 78' lang='lat' dir='ltr'><strong>Bernartius</strong></span> <span class='ocrx_word' id='word_1_76' title='bbox 414 1119 454 1180; x_wconf 89' lang='lat' dir='ltr'><strong>de</strong></span> <span class='ocrx_word' id='word_1_77' title='bbox 474 1121 648 1195; x_wconf 89' lang='lat' dir='ltr'><strong>Deventer,</strong></span> <span class='ocrx_word' id='word_1_78' title='bbox 670 1123 824 1186; x_wconf 88' lang='lat' dir='ltr'><strong>Albertus</strong></span> <span class='ocrx_word' id='word_1_79' title='bbox 847 1127 911 1188; x_wconf 81' lang='lat' dir='ltr'><strong>ut·</strong></span> <span class='ocrx_word' id='word_1_80' title='bbox 967 1148 1106 1207; x_wconf 88' lang='lat' dir='ltr'><strong>quorum</strong></span> <span class='ocrx_word' id='word_1_81' title='bbox 1134 1133 1273 1196; x_wconf 82' lang='lat' dir='ltr'><strong>ulterior</strong></span> <span class='ocrx_word' id='word_1_82' title='bbox 1295 1137 1390 1198; x_wconf 85' lang='lat' dir='ltr'>Naba</span> <span class='ocrx_word' id='word_1_83' title='bbox 1415 1141 1552 1200; x_wconf 90' lang='lat' dir='ltr'><strong>vocatur</strong></span> <span class='ocrx_word' id='word_1_84' title='bbox 1566 1149 1699 1217; x_wconf 91' lang='lat' dir='ltr'><strong>propter</strong></span> <span class='ocrx_word' id='word_1_85' title='bbox 1710 1144 1762 1202; x_wconf 89' lang='lat' dir='ltr'><strong>ri-</strong></span> 
     </span>
     <span class='ocr_line' id='line_1_9' title="bbox 110 1215 1762 1313; baseline 0.016 -40"><span class='ocrx_word' id='word_1_86' title='bbox 110 1215 274 1289; x_wconf 87' lang='lat' dir='ltr'><strong>nortbing</strong></span> <span class='ocrx_word' id='word_1_87' title='bbox 285 1215 385 1276; x_wconf 89' lang='lat' dir='ltr'><strong>etalii</strong></span> <span class='ocrx_word' id='word_1_88' title='bbox 401 1219 625 1294; x_wconf 83' lang='lat' dir='ltr'><strong>quamplures.</strong></span> <span class='ocrx_word' id='word_1_89' title='bbox 966 1229 1080 1289; x_wconf 89' lang='lat' dir='ltr'><strong>vulum</strong></span> <span class='ocrx_word' id='word_1_90' title='bbox 1100 1231 1206 1303; x_wconf 91' lang='lat' dir='ltr'><strong>Naba,</strong></span> <span class='ocrx_word' id='word_1_91' title='bbox 1219 1233 1275 1308; x_wconf 89' lang='lat' dir='ltr'><strong>qui</strong></span> <span class='ocrx_word' id='word_1_92' title='bbox 1289 1235 1320 1293; x_wconf 91' lang='lat' dir='ltr'><strong>ei</strong></span> <span class='ocrx_word' id='word_1_93' title='bbox 1335 1235 1484 1295; x_wconf 89' lang='lat' dir='ltr'><strong>noscitur</strong></span> <span class='ocrx_word' id='word_1_94' title='bbox 1498 1237 1662 1313; x_wconf 91' lang='lat' dir='ltr'><strong>adjacere,</strong></span> <span class='ocrx_word' id='word_1_95' title='bbox 1679 1239 1762 1302; x_wconf 84' lang='lat' dir='ltr'><strong>cite-</strong></span> 
     </span>
     <span class='ocr_line' id='line_1_10' title="bbox 155 1312 1760 1412; baseline 0.017 -44"><span class='ocrx_word' id='word_1_96' title='bbox 155 1328 174 1368; x_wconf 68' lang='lat' dir='ltr'><strong>u</strong></span> <span class='ocrx_word' id='word_1_97' title='bbox 190 1312 307 1372; x_wconf 91' lang='lat' dir='ltr'><strong>Datum</strong></span> <span class='ocrx_word' id='word_1_98' title='bbox 317 1313 351 1371; x_wconf 93' lang='lat' dir='ltr'><strong>in</strong></span> <span class='ocrx_word' id='word_1_99' title='bbox 361 1313 456 1390; x_wconf 84' lang='lat' dir='ltr'><strong>Riga,</strong></span> <span class='ocrx_word' id='word_1_100' title='bbox 468 1317 696 1380; x_wconf 86' lang='lat' dir='ltr'><strong>annobomini</strong></span> <span class='ocrx_word' id='word_1_101' title='bbox 707 1319 908 1394; x_wconf 85' lang='lat' dir='ltr'><strong>MGCXXIV,</strong></span> <span class='ocrx_word' id='word_1_102' title='bbox 966 1326 1037 1386; x_wconf 89' lang='lat' dir='ltr'><strong>rior</strong></span> <span class='ocrx_word' id='word_1_103' title='bbox 1049 1343 1128 1388; x_wconf 93' lang='lat' dir='ltr'><strong>vero</strong></span> <span class='ocrx_word' id='word_1_104' title='bbox 1142 1329 1280 1390; x_wconf 90' lang='lat' dir='ltr'><strong>vocatur</strong></span> <span class='ocrx_word' id='word_1_105' title='bbox 1292 1333 1534 1408; x_wconf 81' lang='lat' dir='ltr'><strong>MonsAquilae,</strong></span> <span class='ocrx_word' id='word_1_106' title='bbox 1553 1350 1612 1410; x_wconf 89' lang='lat' dir='ltr'><strong>pro</strong></span> <span class='ocrx_word' id='word_1_107' title='bbox 1623 1350 1662 1395; x_wconf 90' lang='lat' dir='ltr'><strong>eo</strong></span> <span class='ocrx_word' id='word_1_108' title='bbox 1673 1337 1760 1412; x_wconf 88' lang='lat' dir='ltr'><strong>quod</strong></span> 
     </span>
     <span class='ocr_line' id='line_1_11' title="bbox 112 1407 1760 1507; baseline 0.016 -40"><span class='ocrx_word' id='word_1_109' title='bbox 112 1407 245 1468; x_wconf 89' lang='lat' dir='ltr'><strong>decimo</strong></span> <span class='ocrx_word' id='word_1_110' title='bbox 261 1407 421 1470; x_wconf 85' lang='lat' dir='ltr'><strong>kalendas</strong></span> <span class='ocrx_word' id='word_1_111' title='bbox 442 1413 612 1486; x_wconf 74' lang='lat' dir='ltr'><strong>augusti.»</strong></span> <span class='ocrx_word' id='word_1_112' title='bbox 966 1423 1013 1483; x_wconf 91' lang='lat' dir='ltr'><strong>ibi</strong></span> <span class='ocrx_word' id='word_1_113' title='bbox 1048 1423 1221 1486; x_wconf 85' lang='lat' dir='ltr'><strong>nidificare</strong></span> <span class='ocrx_word' id='word_1_114' title='bbox 1249 1429 1361 1503; x_wconf 91' lang='lat' dir='ltr'><strong>aquila</strong></span> <span class='ocrx_word' id='word_1_115' title='bbox 1400 1432 1584 1492; x_wconf 90' lang='lat' dir='ltr'><strong>consuevit.</strong></span> <span class='ocrx_word' id='word_1_116' title='bbox 1610 1435 1760 1507; x_wconf 87' lang='lat' dir='ltr'><strong>Gurgus-</strong></span> 
     </span>
     <span class='ocr_line' id='line_1_12' title="bbox 156 1503 1758 1604; baseline 0.017 -42"><span class='ocrx_word' id='word_1_117' title='bbox 156 1503 249 1564; x_wconf 90' lang='lat' dir='ltr'><strong>Nulli</strong></span> <span class='ocrx_word' id='word_1_118' title='bbox 264 1519 354 1580; x_wconf 83' lang='lat' dir='ltr'><strong>erge,</strong></span> <span class='ocrx_word' id='word_1_119' title='bbox 372 1507 434 1566; x_wconf 91' lang='lat' dir='ltr'><strong>etc.</strong></span> <span class='ocrx_word' id='word_1_120' title='bbox 451 1507 571 1568; x_wconf 89' lang='lat' dir='ltr'><strong>Datum</strong></span> <span class='ocrx_word' id='word_1_121' title='bbox 593 1509 761 1582; x_wconf 82' lang='lat' dir='ltr'><strong>Laterani,</strong></span> <span class='ocrx_word' id='word_1_122' title='bbox 776 1513 821 1572; x_wconf 92' lang='lat'><strong>111</strong></span> <span class='ocrx_word' id='word_1_123' title='bbox 837 1511 910 1574; x_wconf 88' lang='lat' dir='ltr'><strong>idus</strong></span> <span class='ocrx_word' id='word_1_124' title='bbox 965 1521 1179 1583; x_wconf 87' lang='lat' dir='ltr'><strong>tiumautem</strong></span> <span class='ocrx_word' id='word_1_125' title='bbox 1203 1521 1342 1584; x_wconf 81' lang='lat' dir='ltr'><strong>fratrum</strong></span> <span class='ocrx_word' id='word_1_126' title='bbox 1365 1527 1503 1598; x_wconf 88' lang='lat' dir='ltr'><strong>militiae,</strong></span> <span class='ocrx_word' id='word_1_127' title='bbox 1526 1529 1611 1604; x_wconf 88' lang='lat' dir='ltr'><strong>qnod</strong></span> <span class='ocrx_word' id='word_1_128' title='bbox 1632 1531 1683 1590; x_wconf 89' lang='lat' dir='ltr'><strong>est</strong></span> <span class='ocrx_word' id='word_1_129' title='bbox 1701 1529 1758 1603; x_wconf 91' lang='lat' dir='ltr'><strong>ibi,</strong></span> 
     </span>
     <span class='ocr_line' id='line_1_13' title="bbox 113 1599 1761 1703; baseline 0.017 -44"><span class='ocrx_word' id='word_1_130' title='bbox 113 1599 314 1673; x_wconf 87' lang='lat' dir='ltr'><strong>decembris,</strong></span> <span class='ocrx_word' id='word_1_131' title='bbox 331 1602 543 1678; x_wconf 89' lang='lat' dir='ltr'><strong>pontificatus</strong></span> <span class='ocrx_word' id='word_1_132' title='bbox 573 1606 679 1667; x_wconf 90' lang='lat' dir='ltr'><strong>nostri</strong></span> <span class='ocrx_word' id='word_1_133' title='bbox 702 1623 789 1669; x_wconf 90' lang='lat' dir='ltr'><strong>anno</strong></span> <span class='ocrx_word' id='word_1_134' title='bbox 805 1609 910 1670; x_wconf 88' lang='lat' dir='ltr'><strong>unde-</strong></span> <span class='ocrx_word' id='word_1_135' title='bbox 966 1618 1091 1679; x_wconf 89' lang='lat' dir='ltr'><strong>eisdem</strong></span> <span class='ocrx_word' id='word_1_136' title='bbox 1105 1619 1263 1681; x_wconf 89' lang='lat' dir='ltr'><strong>fratribus</strong></span> <span class='ocrx_word' id='word_1_137' title='bbox 1279 1623 1438 1698; x_wconf 88' lang='lat' dir='ltr'><strong>perpetuo</strong></span> <span class='ocrx_word' id='word_1_138' title='bbox 1450 1629 1677 1687; x_wconf 88' lang='lat' dir='ltr'><strong>conservetur.</strong></span> <span class='ocrx_word' id='word_1_139' title='bbox 1694 1628 1761 1703; x_wconf 89' lang='lat' dir='ltr'><strong>Ipsi</strong></span> 
     </span>
     <span class='ocr_line' id='line_1_14' title="bbox 114 1695 1761 1798; baseline 0.018 -42"><span class='ocrx_word' id='word_1_140' title='bbox 114 1695 217 1758; x_wconf 93' lang='lat' dir='ltr'><strong>cimo.</strong></span> <span class='ocrx_word' id='word_1_141' title='bbox 966 1729 1045 1775; x_wconf 88' lang='lat' dir='ltr'><strong>vero</strong></span> <span class='ocrx_word' id='word_1_142' title='bbox 1057 1716 1224 1778; x_wconf 91' lang='lat' dir='ltr'><strong>dimittant</strong></span> <span class='ocrx_word' id='word_1_143' title='bbox 1249 1717 1290 1778; x_wconf 90' lang='lat' dir='ltr'><strong>ab</strong></span> <span class='ocrx_word' id='word_1_144' title='bbox 1307 1735 1373 1780; x_wconf 91' lang='lat' dir='ltr'><strong>una</strong></span> <span class='ocrx_word' id='word_1_145' title='bbox 1395 1723 1489 1796; x_wconf 90' lang='lat' dir='ltr'><strong>parte</strong></span> <span class='ocrx_word' id='word_1_146' title='bbox 1504 1723 1647 1798; x_wconf 90' lang='lat' dir='ltr'><strong>spatium</strong></span> <span class='ocrx_word' id='word_1_147' title='bbox 1668 1739 1761 1785; x_wconf 91' lang='lat' dir='ltr'><strong>com-</strong></span> 
     </span>
     <span class='ocr_line' id='line_1_15' title="bbox 966 1813 1760 1896; baseline 0.016 -26"><span class='ocrx_word' id='word_1_148' title='bbox 966 1813 1344 1890; x_wconf 87' lang='lat' dir='ltr'><strong>petenspropternaves,</strong></span> <span class='ocrx_word' id='word_1_149' title='bbox 1363 1833 1423 1878; x_wconf 88' lang='lat' dir='ltr'><strong>nec</strong></span> <span class='ocrx_word' id='word_1_150' title='bbox 1443 1818 1569 1880; x_wconf 89' lang='lat' dir='ltr'><strong>faciant</strong></span> <span class='ocrx_word' id='word_1_151' title='bbox 1588 1823 1760 1896; x_wconf 90' lang='lat' dir='ltr'><strong>capturam</strong></span> 
     </span>
    </p>

    <p class='ocr_par' dir='ltr' id='par_1_3' title="bbox 462 1877 1760 1988">
     <span class='ocr_line' id='line_1_16' title="bbox 462 1877 1760 1988; baseline 0.012 -24"><span class='ocrx_word' id='word_1_152' title='bbox 462 1877 568 1966; x_wconf 80' lang='lat' dir='ltr'><strong>XXV</strong></span> <span class='ocrx_word' id='word_1_153' title='bbox 966 1909 1001 1968; x_wconf 88' lang='lat' dir='ltr'><strong>in</strong></span> <span class='ocrx_word' id='word_1_154' title='bbox 1030 1925 1171 1971; x_wconf 89' lang='lat' dir='ltr'><strong>ascensu</strong></span> <span class='ocrx_word' id='word_1_155' title='bbox 1201 1913 1353 1988; x_wconf 89' lang='lat' dir='ltr'><strong>piscium,</strong></span> <span class='ocrx_word' id='word_1_156' title='bbox 1382 1913 1439 1974; x_wconf 90' lang='lat' dir='ltr'><strong>sed</strong></span> <span class='ocrx_word' id='word_1_157' title='bbox 1469 1918 1698 1978; x_wconf 87' lang='lat' dir='ltr'><strong>tantummodo</strong></span> <span class='ocrx_word' id='word_1_158' title='bbox 1725 1921 1760 1979; x_wconf 92' lang='lat' dir='ltr'><strong>in</strong></span> 
     </span>
    </p>

    <p class='ocr_par' dir='ltr' id='par_1_4' title="bbox 194 2005 1759 2378">
     <span class='ocr_line' id='line_1_17' title="bbox 194 2005 1759 2190; baseline 0.015 -40"><span class='ocrx_word' id='word_1_159' title='bbox 194 2029 474 2090; x_wconf 81' lang='grc' dir='ltr'><strong>ΨΨΜ</strong></span> <span class='ocrx_word' id='word_1_160' title='bbox 487 2031 639 2092; x_wconf 84' lang='grc' dir='ltr'><strong>ΨΨ</strong></span> <span class='ocrx_word' id='word_1_161' title='bbox 653 2034 823 2108; x_wconf 82' lang='grc' dir='ltr'><strong>Μ</strong></span> <span class='ocrx_word' id='word_1_162' title='bbox 966 2005 1759 2190; x_wconf 62' lang='lat' dir='ltr'><strong>ltrlrlttrdtttitulatitta</strong></span> 
     </span>
     <span class='ocr_line' id='line_1_18' title="bbox 377 2157 1759 2285; baseline 0.015 -35"><span class='ocrx_word' id='word_1_163' title='bbox 377 2161 408 2215; x_wconf 71' lang='grc' dir='ltr'><strong>Η</strong></span> <span class='ocrx_word' id='word_1_164' title='bbox 422 2157 552 2218; x_wconf 67' lang='lat' dir='ltr'><strong>‘¹⁶⁰⁰mb·</strong></span> <span class='ocrx_word' id='word_1_165' title='bbox 570 2161 648 2220; x_wconf 69' lang='lat'><strong>¹²²⁶·</strong></span> <span class='ocrx_word' id='word_1_166' title='bbox 966 2201 1088 2262; x_wconf 88' lang='lat' dir='ltr'><strong>dicitur</strong></span> <span class='ocrx_word' id='word_1_167' title='bbox 1100 2204 1231 2275; x_wconf 90' lang='lat' dir='ltr'><strong>Meisse,</strong></span> <span class='ocrx_word' id='word_1_168' title='bbox 1249 2207 1340 2266; x_wconf 86' lang='lat' dir='ltr'><strong>recta</strong></span> <span class='ocrx_word' id='word_1_169' title='bbox 1362 2205 1462 2278; x_wconf 90' lang='lat' dir='ltr'><strong>linea,</strong></span> <span class='ocrx_word' id='word_1_170' title='bbox 1480 2208 1567 2267; x_wconf 92' lang='lat' dir='ltr'><strong>unde</strong></span> <span class='ocrx_word' id='word_1_171' title='bbox 1582 2207 1623 2268; x_wconf 90' lang='lat' dir='ltr'><strong>ad</strong></span> <span class='ocrx_word' id='word_1_172' title='bbox 1637 2225 1759 2285; x_wconf 88' lang='lat' dir='ltr'><strong>aquam</strong></span> 
     </span>
     <span class='ocr_line' id='line_1_19' title="bbox 269 2280 1759 2378; baseline 0.013 -31"><span class='ocrx_word' id='word_1_173' title='bbox 269 2280 602 2344; x_wconf 75' lang='lat' dir='ltr'><strong>prenge,niv1anu.bb.,1,</strong></span> <span class='ocrx_word' id='word_1_174' title='bbox 616 2283 757 2348; x_wconf 72' lang='lat'>¹¹¹2¹¹·⁹³·]</span> <span class='ocrx_word' id='word_1_175' title='bbox 966 2299 1064 2360; x_wconf 90' lang='lat' dir='ltr'><strong>citius</strong></span> <span class='ocrx_word' id='word_1_176' title='bbox 1078 2301 1281 2376; x_wconf 91' lang='lat' dir='ltr'><strong>pervenitur,</strong></span> <span class='ocrx_word' id='word_1_177' title='bbox 1298 2304 1331 2363; x_wconf 89' lang='lat' dir='ltr'><strong>et</strong></span> <span class='ocrx_word' id='word_1_178' title='bbox 1356 2303 1476 2364; x_wconf 91' lang='lat' dir='ltr'><strong>deinde</strong></span> <span class='ocrx_word' id='word_1_179' title='bbox 1497 2305 1539 2364; x_wconf 89' lang='lat' dir='ltr'><strong>ad</strong></span> <span class='ocrx_word' id='word_1_180' title='bbox 1564 2305 1683 2378; x_wconf 89' lang='lat' dir='ltr'><strong>locum,</strong></span> <span class='ocrx_word' id='word_1_181' title='bbox 1702 2308 1759 2367; x_wconf 91' lang='lat' dir='ltr'><strong>ubi</strong></span> 
     </span>
    </p>

    <p class='ocr_par' dir='ltr' id='par_1_5' title="bbox 117 2395 1761 2576">
     <span class='ocr_line' id='line_1_20' title="bbox 117 2395 1759 2477; baseline 0.009 -25"><span class='ocrx_word' id='word_1_182' title='bbox 117 2397 150 2452; x_wconf 88' lang='lat' dir='ltr'><strong>Ei</strong></span> <span class='ocrx_word' id='word_1_183' title='bbox 175 2395 384 2454; x_wconf 79' lang='lat' dir='ltr'><strong>ordinationem</strong></span> <span class='ocrx_word' id='word_1_184' title='bbox 409 2397 564 2456; x_wconf 80' lang='lat' dir='ltr'><strong>willhelmi</strong></span> <span class='ocrx_word' id='word_1_185' title='bbox 589 2399 758 2456; x_wconf 85' lang='lat' dir='ltr'><strong>Mutinensis</strong></span> <span class='ocrx_word' id='word_1_186' title='bbox 783 2399 911 2474; x_wconf 83' lang='lat' dir='ltr'><strong>episcopi</strong></span> <span class='ocrx_word' id='word_1_187' title='bbox 966 2396 1088 2458; x_wconf 88' lang='lat' dir='ltr'><strong>flumen</strong></span> <span class='ocrx_word' id='word_1_188' title='bbox 1105 2399 1360 2475; x_wconf 88' lang='lat' dir='ltr'><strong>Semigallorum</strong></span> <span class='ocrx_word' id='word_1_189' title='bbox 1373 2403 1708 2477; x_wconf 87' lang='lat' dir='ltr'><strong>jungituradBabat,</strong></span> <span class='ocrx_word' id='word_1_190' title='bbox 1725 2407 1759 2468; x_wconf 91' lang='lat' dir='ltr'><strong>et</strong></span> 
     </span>
     <span class='ocr_line' id='line_1_21' title="bbox 428 2485 1761 2576; baseline 0.015 -34"><span class='ocrx_word' id='word_1_191' title='bbox 428 2485 587 2543; x_wconf 82' lang='lat' dir='ltr'><strong>confirmat.</strong></span> <span class='ocrx_word' id='word_1_192' title='bbox 966 2493 1015 2555; x_wconf 88' lang='lat' dir='ltr'><strong>sic</strong></span> <span class='ocrx_word' id='word_1_193' title='bbox 1041 2511 1101 2571; x_wconf 88' lang='lat' dir='ltr'><strong>per</strong></span> <span class='ocrx_word' id='word_1_194' title='bbox 1126 2497 1271 2556; x_wconf 91' lang='lat' dir='ltr'><strong>medium</strong></span> <span class='ocrx_word' id='word_1_195' title='bbox 1297 2497 1444 2558; x_wconf 89' lang='lat' dir='ltr'><strong>fluminis</strong></span> <span class='ocrx_word' id='word_1_196' title='bbox 1467 2501 1627 2576; x_wconf 89' lang='lat' dir='ltr'><strong>usquead</strong></span> <span class='ocrx_word' id='word_1_197' title='bbox 1647 2504 1761 2563; x_wconf 90' lang='lat' dir='ltr'><strong>Dune-</strong></span> 
     </span>
    </p>
   </div>
   <div class='ocr_carea' id='block_1_3' title="bbox 94 2592 1763 5783">
    <p class='ocr_par' dir='ltr' id='par_1_6' title="bbox 94 2592 1763 5783">
     <span class='ocr_line' id='line_1_22' title="bbox 154 2592 1758 2677; baseline -0.001 -16"><span class='ocrx_word' id='word_1_198' title='bbox 154 2602 335 2672; x_wconf 87' lang='lat' dir='ltr'><strong>Honorius,</strong></span> <span class='ocrx_word' id='word_1_199' title='bbox 361 2603 436 2674; x_wconf 72' lang='lat' dir='ltr'><strong>etc„</strong></span> <span class='ocrx_word' id='word_1_200' title='bbox 461 2602 590 2664; x_wconf 89' lang='lat' dir='ltr'><strong>dilectis</strong></span> <span class='ocrx_word' id='word_1_201' title='bbox 617 2603 712 2677; x_wconf 89' lang='lat' dir='ltr'><strong>filiis,</strong></span> <span class='ocrx_word' id='word_1_202' title='bbox 743 2593 910 2666; x_wconf 79' lang='lat' dir='ltr'><strong>communi</strong></span> <span class='ocrx_word' id='word_1_203' title='bbox 965 2592 1199 2654; x_wconf 90' lang='lat' dir='ltr'><strong>mundensium</strong></span> <span class='ocrx_word' id='word_1_204' title='bbox 1218 2595 1356 2654; x_wconf 79' lang='lat' dir='ltr'><strong>fratrum</strong></span> <span class='ocrx_word' id='word_1_205' title='bbox 1374 2597 1534 2658; x_wconf 89' lang='lat' dir='ltr'><strong>terminos</strong></span> <span class='ocrx_word' id='word_1_206' title='bbox 1550 2598 1758 2673; x_wconf 83' lang='lat' dir='ltr'><strong>procedatur.</strong></span> 
     </span>
     <span class='ocr_line' id='line_1_23' title="bbox 117 2691 1762 2774; baseline -0.001 -16"><span class='ocrx_word' id='word_1_207' title='bbox 117 2697 265 2759; x_wconf 89' lang='lat' dir='ltr'><strong>civitatis</strong></span> <span class='ocrx_word' id='word_1_208' title='bbox 280 2699 446 2774; x_wconf 76' lang='lat' dir='ltr'><strong>RigensiS,</strong></span> <span class='ocrx_word' id='word_1_209' title='bbox 464 2699 616 2772; x_wconf 88' lang='lat' dir='ltr'><strong>salutem,</strong></span> <span class='ocrx_word' id='word_1_210' title='bbox 626 2703 689 2762; x_wconf 86' lang='lat' dir='ltr'><strong>etc.</strong></span> <span class='ocrx_word' id='word_1_211' title='bbox 966 2691 1014 2750; x_wconf 84' lang='lat' dir='ltr'><strong>Ad</strong></span> <span class='ocrx_word' id='word_1_212' title='bbox 1030 2691 1102 2752; x_wconf 91' lang='lat' dir='ltr'><strong>haec</strong></span> <span class='ocrx_word' id='word_1_213' title='bbox 1122 2693 1325 2754; x_wconf 90' lang='lat' dir='ltr'><strong>memoratus</strong></span> <span class='ocrx_word' id='word_1_214' title='bbox 1353 2693 1482 2769; x_wconf 89' lang='lat' dir='ltr'><strong>legatus</strong></span> <span class='ocrx_word' id='word_1_215' title='bbox 1511 2696 1595 2756; x_wconf 93' lang='lat' dir='ltr'><strong>illud</strong></span> <span class='ocrx_word' id='word_1_216' title='bbox 1619 2697 1659 2757; x_wconf 91' lang='lat' dir='ltr'><strong>de</strong></span> <span class='ocrx_word' id='word_1_217' title='bbox 1673 2712 1762 2774; x_wconf 84' lang='lat' dir='ltr'><strong>prae·</strong></span> 
     </span>
     <span class='ocr_line' id='line_1_24' title="bbox 154 2789 1761 2872; baseline 0.006 -16"><span class='ocrx_word' id='word_1_218' title='bbox 154 2798 202 2856; x_wconf 86' lang='lat' dir='ltr'><strong>Ea</strong></span> <span class='ocrx_word' id='word_1_219' title='bbox 216 2811 288 2872; x_wconf 87' lang='lat' dir='ltr'><strong>quae</strong></span> <span class='ocrx_word' id='word_1_220' title='bbox 292 2795 420 2872; x_wconf 87' lang='lat' dir='ltr'><strong>judicio</strong></span> <span class='ocrx_word' id='word_1_221' title='bbox 432 2796 484 2858; x_wconf 91' lang='lat' dir='ltr'><strong>vel</strong></span> <span class='ocrx_word' id='word_1_222' title='bbox 497 2797 675 2860; x_wconf 90' lang='lat' dir='ltr'><strong>concordia</strong></span> <span class='ocrx_word' id='word_1_223' title='bbox 688 2799 910 2862; x_wconf 88' lang='lat' dir='ltr'><strong>terminantur</strong></span> <span class='ocrx_word' id='word_1_224' title='bbox 966 2789 1053 2849; x_wconf 50' lang='lat' dir='ltr'><strong>dida</strong></span> <span class='ocrx_word' id='word_1_225' title='bbox 1066 2789 1225 2860; x_wconf 67' lang='lat' dir='ltr'><strong>marchia,</strong></span> <span class='ocrx_word' id='word_1_226' title='bbox 1244 2790 1329 2866; x_wconf 74' lang='lat' dir='ltr'><strong>lUOd</strong></span> <span class='ocrx_word' id='word_1_227' title='bbox 1347 2793 1397 2852; x_wconf 68' lang='lat' dir='ltr'><strong>Osi</strong></span> <span class='ocrx_word' id='word_1_228' title='bbox 1423 2793 1511 2854; x_wconf 70' lang='grc' dir='ltr'><strong>Ῐῐὶῒθῐ·</strong></span> <span class='ocrx_word' id='word_1_229' title='bbox 1524 2793 1628 2855; x_wconf 70' lang='lat' dir='ltr'><strong>Bahal</strong></span> <span class='ocrx_word' id='word_1_230' title='bbox 1646 2797 1679 2854; x_wconf 80' lang='grc' dir='ltr'><strong>θῑ</strong></span> <span class='ocrx_word' id='word_1_231' title='bbox 1693 2793 1761 2853; x_wconf 77' lang='lat' dir='ltr'><strong>flu·</strong></span> 
     </span>
     <span class='ocr_line' id='line_1_25' title="bbox 116 2885 1762 2970; baseline 0.007 -18"><span class='ocrx_word' id='word_1_232' title='bbox 116 2891 214 2952; x_wconf 89' lang='lat' dir='ltr'><strong>firma</strong></span> <span class='ocrx_word' id='word_1_233' title='bbox 237 2891 355 2954; x_wconf 89' lang='lat' dir='ltr'><strong>dehent</strong></span> <span class='ocrx_word' id='word_1_234' title='bbox 370 2894 403 2956; x_wconf 85' lang='lat' dir='ltr'><strong>at</strong></span> <span class='ocrx_word' id='word_1_235' title='bbox 417 2893 545 2956; x_wconf 91' lang='lat' dir='ltr'><strong>illibata</strong></span> <span class='ocrx_word' id='word_1_236' title='bbox 565 2896 754 2970; x_wconf 86' lang='lat' dir='ltr'><strong>persistere,</strong></span> <span class='ocrx_word' id='word_1_237' title='bbox 769 2899 802 2958; x_wconf 89' lang='lat' dir='ltr'><strong>et</strong></span> <span class='ocrx_word' id='word_1_238' title='bbox 816 2913 858 2958; x_wconf 90' lang='lat' dir='ltr'><strong>ne</strong></span> <span class='ocrx_word' id='word_1_239' title='bbox 873 2898 909 2958; x_wconf 89' lang='lat' dir='ltr'><strong>in</strong></span> <span class='ocrx_word' id='word_1_240' title='bbox 966 2901 1042 2946; x_wconf 89' lang='lat' dir='ltr'><strong>men</strong></span> <span class='ocrx_word' id='word_1_241' title='bbox 1063 2885 1329 2962; x_wconf 60' lang='lat' dir='ltr'><strong>Semigallfflum,</strong></span> <span class='ocrx_word' id='word_1_242' title='bbox 1352 2889 1384 2950; x_wconf 75' lang='grc' dir='ltr'><strong>θῐ</strong></span> <span class='ocrx_word' id='word_1_243' title='bbox 1406 2890 1517 2949; x_wconf 75' lang='lat' dir='ltr'><strong>Omnia</strong></span> <span class='ocrx_word' id='word_1_244' title='bbox 1538 2890 1692 2964; x_wconf 88' lang='lat' dir='ltr'><strong>gramina</strong></span> <span class='ocrx_word' id='word_1_245' title='bbox 1711 2891 1762 2950; x_wconf 68' lang='lat' dir='ltr'><strong>fi·</strong></span> 
     </span>
     <span class='ocr_line' id='line_1_26' title="bbox 114 2985 1760 3069; baseline 0.004 -19"><span class='ocrx_word' id='word_1_246' title='bbox 114 2989 274 3051; x_wconf 87' lang='lat' dir='ltr'><strong>recidivae</strong></span> <span class='ocrx_word' id='word_1_247' title='bbox 297 2991 519 3052; x_wconf 87' lang='lat' dir='ltr'><strong>contentionis</strong></span> <span class='ocrx_word' id='word_1_248' title='bbox 534 2993 728 3069; x_wconf 90' lang='lat' dir='ltr'><strong>scrupulum</strong></span> <span class='ocrx_word' id='word_1_249' title='bbox 747 2993 908 3054; x_wconf 88' lang='lat' dir='ltr'><strong>relaban-</strong></span> <span class='ocrx_word' id='word_1_250' title='bbox 965 2999 1082 3059; x_wconf 68' lang='lat' dir='ltr'><strong>Pafum</strong></span> <span class='ocrx_word' id='word_1_251' title='bbox 1097 2985 1246 3061; x_wconf 66' lang='lat' dir='ltr'><strong>ejusdem</strong></span> <span class='ocrx_word' id='word_1_252' title='bbox 1261 2985 1419 3053; x_wconf 66' lang='lat' dir='ltr'><strong>fluminis,</strong></span> <span class='ocrx_word' id='word_1_253' title='bbox 1441 3002 1514 3064; x_wconf 69' lang='lat' dir='ltr'>‹111ae</span> <span class='ocrx_word' id='word_1_254' title='bbox 1536 3001 1556 3047; x_wconf 77' lang='lat' dir='ltr'>a</span> <span class='ocrx_word' id='word_1_255' title='bbox 1575 2985 1760 3048; x_wconf 76' lang='lat' dir='ltr'><strong>venerabili</strong></span> 
     </span>
     <span class='ocr_line' id='line_1_27' title="bbox 113 3079 1760 3166; baseline 0.008 -20"><span class='ocrx_word' id='word_1_256' title='bbox 113 3087 182 3158; x_wconf 87' lang='lat' dir='ltr'><strong>tur,</strong></span> <span class='ocrx_word' id='word_1_257' title='bbox 208 3087 362 3148; x_wconf 89' lang='lat' dir='ltr'><strong>convenit</strong></span> <span class='ocrx_word' id='word_1_258' title='bbox 385 3088 574 3164; x_wconf 83' lang='lat' dir='ltr'><strong>Apostolico</strong></span> <span class='ocrx_word' id='word_1_259' title='bbox 587 3089 744 3166; x_wconf 86' lang='lat' dir='ltr'><strong>praesidio</strong></span> <span class='ocrx_word' id='word_1_260' title='bbox 756 3105 908 3152; x_wconf 91' lang='lat' dir='ltr'><strong>commu·</strong></span> <span class='ocrx_word' id='word_1_261' title='bbox 965 3079 1760 3159; x_wconf 62' lang='lat' dir='ltr'><strong>fraite1108t1&#39;0OlfSGOPOSemigalliael&#39;edssfflifl·</strong></span> 
     </span>
     <span class='ocr_line' id='line_1_28' title="bbox 115 3178 1758 3264; baseline 0.006 -22"><span class='ocrx_word' id='word_1_262' title='bbox 115 3181 194 3242; x_wconf 78' lang='lat' dir='ltr'><strong>nnn.</strong></span> <span class='ocrx_word' id='word_1_263' title='bbox 224 3182 443 3257; x_wconf 77' lang='lat' dir='ltr'><strong>Significasus</strong></span> <span class='ocrx_word' id='word_1_264' title='bbox 479 3183 642 3260; x_wconf 78' lang='lat' dir='ltr'><strong>siquidem</strong></span> <span class='ocrx_word' id='word_1_265' title='bbox 673 3185 780 3256; x_wconf 78' lang='lat' dir='ltr'><strong>nobis,</strong></span> <span class='ocrx_word' id='word_1_266' title='bbox 811 3187 908 3264; x_wconf 85' lang='lat' dir='ltr'><strong>quod,</strong></span> <span class='ocrx_word' id='word_1_267' title='bbox 964 3178 1020 3250; x_wconf 84' lang='lat' dir='ltr'><strong>us,</strong></span> <span class='ocrx_word' id='word_1_268' title='bbox 1037 3194 1098 3238; x_wconf 81' lang='lat' dir='ltr'><strong>nec</strong></span> <span class='ocrx_word' id='word_1_269' title='bbox 1116 3195 1182 3240; x_wconf 89' lang='lat' dir='ltr'><strong>non</strong></span> <span class='ocrx_word' id='word_1_270' title='bbox 1202 3180 1313 3240; x_wconf 84' lang='lat' dir='ltr'><strong>omnia</strong></span> <span class='ocrx_word' id='word_1_271' title='bbox 1335 3180 1498 3255; x_wconf 79' lang='lat' dir='ltr'><strong>gramma,</strong></span> <span class='ocrx_word' id='word_1_272' title='bbox 1518 3197 1591 3257; x_wconf 83' lang='lat' dir='ltr'><strong>quae</strong></span> <span class='ocrx_word' id='word_1_273' title='bbox 1607 3183 1684 3243; x_wconf 82' lang='lat' dir='ltr'><strong>sunt</strong></span> <span class='ocrx_word' id='word_1_274' title='bbox 1704 3181 1758 3244; x_wconf 82' lang='lat' dir='ltr'><strong>vel</strong></span> 
     </span>
     <span class='ocr_line' id='line_1_29' title="bbox 115 3275 1759 3356; baseline 0 -17"><span class='ocrx_word' id='word_1_275' title='bbox 115 3294 191 3340; x_wconf 92' lang='lat' dir='ltr'><strong>cum</strong></span> <span class='ocrx_word' id='word_1_276' title='bbox 205 3279 292 3339; x_wconf 90' lang='lat' dir='ltr'><strong>inter</strong></span> <span class='ocrx_word' id='word_1_277' title='bbox 306 3293 365 3340; x_wconf 90' lang='lat' dir='ltr'><strong>vos</strong></span> <span class='ocrx_word' id='word_1_278' title='bbox 380 3295 423 3340; x_wconf 82' lang='lat' dir='ltr'><strong>ex</strong></span> <span class='ocrx_word' id='word_1_279' title='bbox 448 3283 541 3356; x_wconf 90' lang='lat' dir='ltr'><strong>parte</strong></span> <span class='ocrx_word' id='word_1_280' title='bbox 559 3297 626 3342; x_wconf 90' lang='lat' dir='ltr'><strong>una</strong></span> <span class='ocrx_word' id='word_1_281' title='bbox 639 3285 672 3342; x_wconf 90' lang='lat' dir='ltr'><strong>et</strong></span> <span class='ocrx_word' id='word_1_282' title='bbox 684 3283 910 3346; x_wconf 87' lang='lat' dir='ltr'><strong>venerabilem</strong></span> <span class='ocrx_word' id='word_1_283' title='bbox 965 3275 1095 3351; x_wconf 84' lang='lat' dir='ltr'><strong>possint</strong></span> <span class='ocrx_word' id='word_1_284' title='bbox 1106 3291 1179 3336; x_wconf 90' lang='lat' dir='ltr'><strong>esse</strong></span> <span class='ocrx_word' id='word_1_285' title='bbox 1190 3275 1224 3336; x_wconf 92' lang='lat' dir='ltr'><strong>in</strong></span> <span class='ocrx_word' id='word_1_286' title='bbox 1241 3278 1357 3352; x_wconf 91' lang='lat' dir='ltr'><strong>stagno</strong></span> <span class='ocrx_word' id='word_1_287' title='bbox 1366 3277 1555 3353; x_wconf 88' lang='lat' dir='ltr'><strong>Rodenpois</strong></span> <span class='ocrx_word' id='word_1_288' title='bbox 1568 3279 1602 3338; x_wconf 90' lang='lat' dir='ltr'><strong>in</strong></span> <span class='ocrx_word' id='word_1_289' title='bbox 1612 3277 1759 3339; x_wconf 84' lang='lat' dir='ltr'><strong>citeriori</strong></span> 
     </span>
     <span class='ocr_line' id='line_1_30' title="bbox 114 3373 1754 3456; baseline 0.004 -22"><span class='ocrx_word' id='word_1_290' title='bbox 114 3373 254 3436; x_wconf 90' lang='lat' dir='ltr'><strong>fratrem</strong></span> <span class='ocrx_word' id='word_1_291' title='bbox 267 3377 416 3436; x_wconf 91' lang='lat' dir='ltr'><strong>nostrum</strong></span> <span class='ocrx_word' id='word_1_292' title='bbox 427 3377 631 3452; x_wconf 89' lang='lat' dir='ltr'><strong>episcopum,</strong></span> <span class='ocrx_word' id='word_1_293' title='bbox 645 3379 862 3456; x_wconf 86' lang='lat' dir='ltr'><strong>praeposltum</strong></span> <span class='ocrx_word' id='word_1_294' title='bbox 877 3381 911 3442; x_wconf 90' lang='lat' dir='ltr'><strong>et</strong></span> <span class='ocrx_word' id='word_1_295' title='bbox 965 3373 1039 3449; x_wconf 74' lang='lat' dir='ltr'><strong>ripa</strong></span> <span class='ocrx_word' id='word_1_296' title='bbox 1076 3377 1159 3450; x_wconf 73' lang='lat' dir='ltr'><strong>elus,</strong></span> <span class='ocrx_word' id='word_1_297' title='bbox 1189 3389 1294 3451; x_wconf 77' lang='lat' dir='ltr'><strong>usque</strong></span> <span class='ocrx_word' id='word_1_298' title='bbox 1327 3374 1369 3434; x_wconf 74' lang='lat' dir='ltr'><strong>ad</strong></span> <span class='ocrx_word' id='word_1_299' title='bbox 1404 3375 1550 3435; x_wconf 81' lang='lat' dir='ltr'><strong>rivulum</strong></span> <span class='ocrx_word' id='word_1_300' title='bbox 1588 3376 1754 3450; x_wconf 74' lang='lat' dir='ltr'><strong>Pictorga,</strong></span> 
     </span>
     <span class='ocr_line' id='line_1_31' title="bbox 114 3469 1758 3550; baseline 0.006 -18"><span class='ocrx_word' id='word_1_301' title='bbox 114 3471 312 3547; x_wconf 90' lang='lat' dir='ltr'><strong>magistrum</strong></span> <span class='ocrx_word' id='word_1_302' title='bbox 328 3472 456 3533; x_wconf 88' lang='lat' dir='ltr'><strong>militiae</strong></span> <span class='ocrx_word' id='word_1_303' title='bbox 476 3473 598 3534; x_wconf 84' lang='lat' dir='ltr'><strong>Christi</strong></span> <span class='ocrx_word' id='word_1_304' title='bbox 615 3475 769 3550; x_wconf 89' lang='lat' dir='ltr'><strong>Rigensis</strong></span> <span class='ocrx_word' id='word_1_305' title='bbox 793 3493 836 3538; x_wconf 80' lang='lat' dir='ltr'><strong>ex</strong></span> <span class='ocrx_word' id='word_1_306' title='bbox 859 3477 911 3538; x_wconf 88' lang='lat' dir='ltr'><strong>al·</strong></span> <span class='ocrx_word' id='word_1_307' title='bbox 965 3471 998 3531; x_wconf 76' lang='lat' dir='ltr'><strong>et</strong></span> <span class='ocrx_word' id='word_1_308' title='bbox 1023 3471 1134 3531; x_wconf 73' lang='lat' dir='ltr'><strong>omnia</strong></span> <span class='ocrx_word' id='word_1_309' title='bbox 1166 3471 1320 3546; x_wconf 73' lang='lat' dir='ltr'><strong>gramina</strong></span> <span class='ocrx_word' id='word_1_310' title='bbox 1349 3469 1438 3531; x_wconf 71' lang='lat' dir='ltr'><strong>culta</strong></span> <span class='ocrx_word' id='word_1_311' title='bbox 1462 3471 1495 3532; x_wconf 73' lang='lat' dir='ltr'><strong>et</strong></span> <span class='ocrx_word' id='word_1_312' title='bbox 1526 3471 1664 3542; x_wconf 69' lang='lat' dir='ltr'><strong>inculta,</strong></span> <span class='ocrx_word' id='word_1_313' title='bbox 1683 3472 1758 3532; x_wconf 74' lang='lat' dir='ltr'><strong>val·</strong></span> 
     </span>
     <span class='ocr_line' id='line_1_32' title="bbox 94 3551 1759 3644; baseline 0 -14"><span class='ocrx_word' id='word_1_314' title='bbox 94 3551 201 3640; x_wconf 83' lang='lat' dir='ltr'><strong>tera,</strong></span> <span class='ocrx_word' id='word_1_315' title='bbox 218 3583 318 3644; x_wconf 87' lang='lat' dir='ltr'><strong>super</strong></span> <span class='ocrx_word' id='word_1_316' title='bbox 331 3569 483 3630; x_wconf 90' lang='lat' dir='ltr'><strong>terminis</strong></span> <span class='ocrx_word' id='word_1_317' title='bbox 503 3569 661 3632; x_wconf 68' lang='lat' dir='ltr'><strong>marchiae</strong></span> <span class='ocrx_word' id='word_1_318' title='bbox 675 3572 821 3634; x_wconf 79' lang='lat' dir='ltr'><strong>civitatis</strong></span> <span class='ocrx_word' id='word_1_319' title='bbox 835 3589 911 3636; x_wconf 84' lang='lat' dir='ltr'><strong>ves·</strong></span> <span class='ocrx_word' id='word_1_320' title='bbox 965 3567 1007 3626; x_wconf 92' lang='lat' dir='ltr'><strong>lis</strong></span> <span class='ocrx_word' id='word_1_321' title='bbox 1026 3567 1131 3644; x_wconf 91' lang='lat' dir='ltr'><strong>ipsius</strong></span> <span class='ocrx_word' id='word_1_322' title='bbox 1148 3567 1249 3628; x_wconf 91' lang='lat' dir='ltr'><strong>rivuli</strong></span> <span class='ocrx_word' id='word_1_323' title='bbox 1271 3567 1312 3628; x_wconf 92' lang='lat' dir='ltr'><strong>ad</strong></span> <span class='ocrx_word' id='word_1_324' title='bbox 1333 3583 1524 3628; x_wconf 87' lang='lat' dir='ltr'><strong>communes</strong></span> <span class='ocrx_word' id='word_1_325' title='bbox 1537 3584 1616 3628; x_wconf 92' lang='lat' dir='ltr'><strong>usus</strong></span> <span class='ocrx_word' id='word_1_326' title='bbox 1630 3569 1759 3630; x_wconf 89' lang='lat' dir='ltr'><strong>tantum</strong></span> 
     </span>
     <span class='ocr_line' id='line_1_33' title="bbox 113 3664 1760 3741; baseline 0.001 -15"><span class='ocrx_word' id='word_1_327' title='bbox 113 3667 177 3726; x_wconf 87' lang='lat' dir='ltr'><strong>trae</strong></span> <span class='ocrx_word' id='word_1_328' title='bbox 207 3681 319 3726; x_wconf 86' lang='lat' dir='ltr'><strong>coram</strong></span> <span class='ocrx_word' id='word_1_329' title='bbox 342 3666 528 3728; x_wconf 86' lang='lat' dir='ltr'><strong>venerabili</strong></span> <span class='ocrx_word' id='word_1_330' title='bbox 542 3667 645 3728; x_wconf 87' lang='lat' dir='ltr'><strong>fratre</strong></span> <span class='ocrx_word' id='word_1_331' title='bbox 672 3671 786 3732; x_wconf 90' lang='lat' dir='ltr'><strong>nostro</strong></span> <span class='ocrx_word' id='word_1_332' title='bbox 803 3669 909 3732; x_wconf 87' lang='lat' dir='ltr'><strong>Muti·</strong></span> <span class='ocrx_word' id='word_1_333' title='bbox 965 3664 1099 3736; x_wconf 90' lang='lat' dir='ltr'><strong>civium,</strong></span> <span class='ocrx_word' id='word_1_334' title='bbox 1132 3665 1384 3741; x_wconf 88' lang='lat' dir='ltr'><strong>peregrinorum</strong></span> <span class='ocrx_word' id='word_1_335' title='bbox 1408 3666 1441 3726; x_wconf 89' lang='lat' dir='ltr'><strong>et</strong></span> <span class='ocrx_word' id='word_1_336' title='bbox 1466 3667 1699 3738; x_wconf 89' lang='lat' dir='ltr'><strong>mercatorum,</strong></span> <span class='ocrx_word' id='word_1_337' title='bbox 1727 3667 1760 3728; x_wconf 88' lang='lat' dir='ltr'><strong>et</strong></span> 
     </span>
     <span class='ocr_line' id='line_1_34' title="bbox 115 3761 1761 3842; baseline 0.001 -20"><span class='ocrx_word' id='word_1_338' title='bbox 115 3761 217 3822; x_wconf 90' lang='lat' dir='ltr'><strong>nensi</strong></span> <span class='ocrx_word' id='word_1_339' title='bbox 239 3761 405 3840; x_wconf 88' lang='lat' dir='ltr'><strong>episcopo,</strong></span> <span class='ocrx_word' id='word_1_340' title='bbox 436 3764 635 3839; x_wconf 74' lang='lat' dir='ltr'><strong>apostoncae</strong></span> <span class='ocrx_word' id='word_1_341' title='bbox 664 3765 759 3826; x_wconf 89' lang='lat' dir='ltr'><strong>Sedis</strong></span> <span class='ocrx_word' id='word_1_342' title='bbox 787 3765 908 3842; x_wconf 89' lang='lat' dir='ltr'><strong>legato,</strong></span> <span class='ocrx_word' id='word_1_343' title='bbox 964 3777 1031 3822; x_wconf 92' lang='lat' dir='ltr'><strong>non</strong></span> <span class='ocrx_word' id='word_1_344' title='bbox 1042 3763 1200 3838; x_wconf 90' lang='lat' dir='ltr'><strong>episcopi,</strong></span> <span class='ocrx_word' id='word_1_345' title='bbox 1217 3762 1387 3839; x_wconf 84' lang='lat' dir='ltr'><strong>praepositi</strong></span> <span class='ocrx_word' id='word_1_346' title='bbox 1398 3761 1452 3823; x_wconf 93' lang='lat' dir='ltr'><strong>vel</strong></span> <span class='ocrx_word' id='word_1_347' title='bbox 1467 3762 1619 3838; x_wconf 81' lang='lat' dir='ltr'><strong>magistri</strong></span> <span class='ocrx_word' id='word_1_348' title='bbox 1635 3764 1761 3840; x_wconf 89' lang='lat' dir='ltr'><strong>specia-</strong></span> 
     </span>
     <span class='ocr_line' id='line_1_35' title="bbox 113 3859 1759 3940; baseline 0.002 -22"><span class='ocrx_word' id='word_1_349' title='bbox 113 3861 256 3936; x_wconf 86' lang='lat' dir='ltr'><strong>quaestio</strong></span> <span class='ocrx_word' id='word_1_350' title='bbox 269 3859 466 3932; x_wconf 89' lang='lat' dir='ltr'><strong>verteretur,</strong></span> <span class='ocrx_word' id='word_1_351' title='bbox 474 3877 533 3924; x_wconf 89' lang='lat' dir='ltr'><strong>vos</strong></span> <span class='ocrx_word' id='word_1_352' title='bbox 542 3865 575 3922; x_wconf 93' lang='lat' dir='ltr'><strong>et</strong></span> <span class='ocrx_word' id='word_1_353' title='bbox 591 3879 669 3940; x_wconf 91' lang='lat' dir='ltr'><strong>pars</strong></span> <span class='ocrx_word' id='word_1_354' title='bbox 684 3861 792 3924; x_wconf 87' lang='lat' dir='ltr'><strong>altera</strong></span> <span class='ocrx_word' id='word_1_355' title='bbox 802 3863 909 3940; x_wconf 89' lang='lat' dir='ltr'><strong>ipsius</strong></span> <span class='ocrx_word' id='word_1_356' title='bbox 964 3859 1041 3920; x_wconf 90' lang='lat' dir='ltr'><strong>liter</strong></span> <span class='ocrx_word' id='word_1_357' title='bbox 1054 3860 1250 3930; x_wconf 86' lang='lat' dir='ltr'><strong>reservavit,</strong></span> <span class='ocrx_word' id='word_1_358' title='bbox 1277 3859 1449 3936; x_wconf 87' lang='lat' dir='ltr'><strong>adjiciens,</strong></span> <span class='ocrx_word' id='word_1_359' title='bbox 1464 3861 1501 3922; x_wconf 91' lang='lat' dir='ltr'><strong>ut</strong></span> <span class='ocrx_word' id='word_1_360' title='bbox 1526 3859 1666 3935; x_wconf 89' lang='lat' dir='ltr'><strong>piscatio</strong></span> <span class='ocrx_word' id='word_1_361' title='bbox 1686 3863 1759 3921; x_wconf 87' lang='lat' dir='ltr'><strong>Ro-</strong></span> 
     </span>
     <span class='ocr_line' id='line_1_36' title="bbox 112 3957 1761 4036; baseline 0.002 -20"><span class='ocrx_word' id='word_1_362' title='bbox 112 3957 218 4031; x_wconf 90' lang='lat' dir='ltr'><strong>legati</strong></span> <span class='ocrx_word' id='word_1_363' title='bbox 230 3973 290 4018; x_wconf 86' lang='lat' dir='ltr'><strong>vos</strong></span> <span class='ocrx_word' id='word_1_364' title='bbox 305 3957 444 4018; x_wconf 89' lang='lat' dir='ltr'><strong>arbitrio</strong></span> <span class='ocrx_word' id='word_1_365' title='bbox 467 3959 692 4031; x_wconf 90' lang='lat' dir='ltr'><strong>commisistis,</strong></span> <span class='ocrx_word' id='word_1_366' title='bbox 710 3961 908 4036; x_wconf 89' lang='lat' dir='ltr'><strong>promitten-</strong></span> <span class='ocrx_word' id='word_1_367' title='bbox 965 3957 1101 4033; x_wconf 87' lang='lat' dir='ltr'><strong>denpois</strong></span> <span class='ocrx_word' id='word_1_368' title='bbox 1128 3957 1311 4018; x_wconf 89' lang='lat' dir='ltr'><strong>communis</strong></span> <span class='ocrx_word' id='word_1_369' title='bbox 1332 3957 1376 4018; x_wconf 93' lang='lat' dir='ltr'><strong>sit</strong></span> <span class='ocrx_word' id='word_1_370' title='bbox 1401 3957 1564 4028; x_wconf 91' lang='lat' dir='ltr'><strong>omnibus,</strong></span> <span class='ocrx_word' id='word_1_371' title='bbox 1588 3957 1761 4032; x_wconf 86' lang='lat' dir='ltr'><strong>gurgustio</strong></span> 
     </span>
     <span class='ocr_line' id='line_1_37' title="bbox 112 4053 1763 4134; baseline -0.001 -19"><span class='ocrx_word' id='word_1_372' title='bbox 112 4057 165 4116; x_wconf 89' lang='lat' dir='ltr'><strong>tes</strong></span> <span class='ocrx_word' id='word_1_373' title='bbox 180 4054 223 4114; x_wconf 90' lang='lat' dir='ltr'><strong>ad</strong></span> <span class='ocrx_word' id='word_1_374' title='bbox 251 4054 406 4126; x_wconf 89' lang='lat' dir='ltr'><strong>invicem,</strong></span> <span class='ocrx_word' id='word_1_375' title='bbox 424 4055 522 4132; x_wconf 87' lang='lat' dir='ltr'><strong>quod,</strong></span> <span class='ocrx_word' id='word_1_376' title='bbox 546 4055 702 4134; x_wconf 88' lang='lat' dir='ltr'><strong>quioquid</strong></span> <span class='ocrx_word' id='word_1_377' title='bbox 723 4073 824 4134; x_wconf 91' lang='lat' dir='ltr'><strong>super</strong></span> <span class='ocrx_word' id='word_1_378' title='bbox 847 4059 910 4120; x_wconf 87' lang='lat' dir='ltr'><strong>boc</strong></span> <span class='ocrx_word' id='word_1_379' title='bbox 964 4053 1103 4115; x_wconf 82' lang='lat' dir='ltr'><strong>fratrum</strong></span> <span class='ocrx_word' id='word_1_380' title='bbox 1118 4055 1222 4114; x_wconf 93' lang='lat' dir='ltr'><strong>salvo.</strong></span> <span class='ocrx_word' id='word_1_381' title='bbox 1239 4055 1411 4115; x_wconf 89' lang='lat' dir='ltr'><strong>Totavero</strong></span> <span class='ocrx_word' id='word_1_382' title='bbox 1433 4053 1501 4114; x_wconf 89' lang='lat' dir='ltr'><strong>alia</strong></span> <span class='ocrx_word' id='word_1_383' title='bbox 1523 4055 1673 4114; x_wconf 90' lang='lat' dir='ltr'><strong>marchia</strong></span> <span class='ocrx_word' id='word_1_384' title='bbox 1690 4069 1763 4116; x_wconf 91' lang='lat' dir='ltr'><strong>om-</strong></span> 
     </span>
     <span class='ocr_line' id='line_1_38' title="bbox 114 4151 1759 4234; baseline -0.001 -22"><span class='ocrx_word' id='word_1_385' title='bbox 114 4151 329 4212; x_wconf 91' lang='lat' dir='ltr'><strong>ordinaretur</strong></span> <span class='ocrx_word' id='word_1_386' title='bbox 344 4151 385 4212; x_wconf 90' lang='lat' dir='ltr'><strong>ab</strong></span> <span class='ocrx_word' id='word_1_387' title='bbox 406 4151 490 4229; x_wconf 92' lang='lat' dir='ltr'><strong>ipso,</strong></span> <span class='ocrx_word' id='word_1_388' title='bbox 503 4154 612 4214; x_wconf 90' lang='lat' dir='ltr'><strong>ratum</strong></span> <span class='ocrx_word' id='word_1_389' title='bbox 626 4153 704 4216; x_wconf 89' lang='lat' dir='ltr'><strong>binc</strong></span> <span class='ocrx_word' id='word_1_390' title='bbox 727 4155 805 4216; x_wconf 90' lang='lat' dir='ltr'><strong>inde</strong></span> <span class='ocrx_word' id='word_1_391' title='bbox 828 4171 909 4234; x_wconf 92' lang='lat' dir='ltr'><strong>per·</strong></span> <span class='ocrx_word' id='word_1_392' title='bbox 965 4151 1061 4211; x_wconf 91' lang='lat' dir='ltr'><strong>nibus</strong></span> <span class='ocrx_word' id='word_1_393' title='bbox 1072 4153 1140 4212; x_wconf 91' lang='lat' dir='ltr'><strong>tam</strong></span> <span class='ocrx_word' id='word_1_394' title='bbox 1154 4151 1297 4218; x_wconf 88' lang='lat' dir='ltr'><strong>clericis,</strong></span> <span class='ocrx_word' id='word_1_395' title='bbox 1314 4165 1412 4226; x_wconf 89' lang='lat' dir='ltr'><strong>quam</strong></span> <span class='ocrx_word' id='word_1_396' title='bbox 1428 4151 1523 4210; x_wconf 89' lang='lat' dir='ltr'><strong>laicis</strong></span> <span class='ocrx_word' id='word_1_397' title='bbox 1539 4151 1574 4210; x_wconf 90' lang='lat' dir='ltr'><strong>in</strong></span> <span class='ocrx_word' id='word_1_398' title='bbox 1598 4151 1759 4225; x_wconf 88' lang='lat' dir='ltr'><strong>piscatio-</strong></span> 
     </span>
     <span class='ocr_line' id='line_1_39' title="bbox 114 4245 1761 4326; baseline 0.007 -17"><span class='ocrx_word' id='word_1_399' title='bbox 114 4250 215 4324; x_wconf 88' lang='lat' dir='ltr'><strong>petuo</strong></span> <span class='ocrx_word' id='word_1_400' title='bbox 238 4247 428 4320; x_wconf 86' lang='lat' dir='ltr'><strong>haberetur,</strong></span> <span class='ocrx_word' id='word_1_401' title='bbox 458 4253 555 4326; x_wconf 91' lang='lat' dir='ltr'><strong>prout</strong></span> <span class='ocrx_word' id='word_1_402' title='bbox 583 4249 702 4314; x_wconf 86' lang='lat' dir='ltr'><strong>litterae</strong></span> <span class='ocrx_word' id='word_1_403' title='bbox 726 4257 845 4314; x_wconf 87' lang='lat' dir='ltr'><strong>vestrae</strong></span> <span class='ocrx_word' id='word_1_404' title='bbox 879 4253 911 4314; x_wconf 90' lang='lat' dir='ltr'><strong>et</strong></span> <span class='ocrx_word' id='word_1_405' title='bbox 965 4249 1072 4320; x_wconf 86' lang='lat' dir='ltr'><strong>nibus,</strong></span> <span class='ocrx_word' id='word_1_406' title='bbox 1089 4247 1234 4324; x_wconf 70' lang='lat' dir='ltr'><strong>pascuis,</strong></span> <span class='ocrx_word' id='word_1_407' title='bbox 1254 4247 1542 4321; x_wconf 69' lang='lat' dir='ltr'><strong>ligniscaedessdi⁸‚</strong></span> <span class='ocrx_word' id='word_1_408' title='bbox 1566 4247 1688 4320; x_wconf 63' lang='lat' dir='ltr'><strong>argilla</strong></span> <span class='ocrx_word' id='word_1_409' title='bbox 1710 4245 1761 4306; x_wconf 71' lang='grc' dir='ltr'><strong>ΓΟ·</strong></span> 
     </span>
     <span class='ocr_line' id='line_1_40' title="bbox 114 4343 1758 4422; baseline -0.001 -17"><span class='ocrx_word' id='word_1_410' title='bbox 114 4345 222 4421; x_wconf 90' lang='lat' dir='ltr'><strong>partis</strong></span> <span class='ocrx_word' id='word_1_411' title='bbox 247 4345 385 4406; x_wconf 90' lang='lat' dir='ltr'><strong>alterius</strong></span> <span class='ocrx_word' id='word_1_412' title='bbox 412 4347 534 4422; x_wconf 85' lang='lat' dir='ltr'><strong>sigillis</strong></span> <span class='ocrx_word' id='word_1_413' title='bbox 568 4348 705 4410; x_wconf 84' lang='lat' dir='ltr'><strong>munitae</strong></span> <span class='ocrx_word' id='word_1_414' title='bbox 734 4349 908 4412; x_wconf 85' lang='lat' dir='ltr'><strong>testantur.</strong></span> <span class='ocrx_word' id='word_1_415' title='bbox 965 4343 1265 4416; x_wconf 90' lang='lat' dir='ltr'><strong>dienda,lateribus</strong></span> <span class='ocrx_word' id='word_1_416' title='bbox 1277 4343 1408 4404; x_wconf 89' lang='lat' dir='ltr'><strong>etcalce</strong></span> <span class='ocrx_word' id='word_1_417' title='bbox 1419 4343 1610 4418; x_wconf 87' lang='lat' dir='ltr'><strong>coquendis,</strong></span> <span class='ocrx_word' id='word_1_418' title='bbox 1623 4343 1758 4404; x_wconf 89' lang='lat' dir='ltr'><strong>fornace</strong></span> 
     </span>
     <span class='ocr_line' id='line_1_41' title="bbox 114 4439 1757 4520; baseline -0.001 -18"><span class='ocrx_word' id='word_1_419' title='bbox 114 4441 300 4502; x_wconf 90' lang='lat' dir='ltr'><strong>Praedictus</strong></span> <span class='ocrx_word' id='word_1_420' title='bbox 316 4458 394 4504; x_wconf 87' lang='lat' dir='ltr'><strong>vero</strong></span> <span class='ocrx_word' id='word_1_421' title='bbox 410 4441 539 4518; x_wconf 85' lang='lat' dir='ltr'><strong>legatus</strong></span> <span class='ocrx_word' id='word_1_422' title='bbox 559 4461 682 4518; x_wconf 89' lang='lat' dir='ltr'><strong>rerum,</strong></span> <span class='ocrx_word' id='word_1_423' title='bbox 701 4445 849 4506; x_wconf 92' lang='lat' dir='ltr'><strong>locorum</strong></span> <span class='ocrx_word' id='word_1_424' title='bbox 878 4448 910 4508; x_wconf 90' lang='lat' dir='ltr'><strong>et</strong></span> <span class='ocrx_word' id='word_1_425' title='bbox 965 4443 1098 4520; x_wconf 89' lang='lat' dir='ltr'><strong>propter</strong></span> <span class='ocrx_word' id='word_1_426' title='bbox 1113 4443 1185 4502; x_wconf 89' lang='lat' dir='ltr'><strong>haec</strong></span> <span class='ocrx_word' id='word_1_427' title='bbox 1199 4439 1364 4511; x_wconf 75' lang='lat' dir='ltr'><strong>babenda3</strong></span> <span class='ocrx_word' id='word_1_428' title='bbox 1378 4440 1411 4500; x_wconf 88' lang='lat' dir='ltr'><strong>et</strong></span> <span class='ocrx_word' id='word_1_429' title='bbox 1424 4453 1475 4510; x_wconf 92' lang='lat' dir='ltr'><strong>ea,</strong></span> <span class='ocrx_word' id='word_1_430' title='bbox 1485 4455 1558 4515; x_wconf 80' lang='lat' dir='ltr'><strong>quae</strong></span> <span class='ocrx_word' id='word_1_431' title='bbox 1568 4441 1646 4500; x_wconf 91' lang='lat' dir='ltr'><strong>sunt</strong></span> <span class='ocrx_word' id='word_1_432' title='bbox 1659 4440 1757 4501; x_wconf 87' lang='lat' dir='ltr'><strong>tectis</strong></span> 
     </span>
     <span class='ocr_line' id='line_1_42' title="bbox 113 4537 1758 4618; baseline -0.001 -18"><span class='ocrx_word' id='word_1_433' title='bbox 113 4555 335 4616; x_wconf 88' lang='lat' dir='ltr'><strong>personarum</strong></span> <span class='ocrx_word' id='word_1_434' title='bbox 358 4539 574 4616; x_wconf 86' lang='lat' dir='ltr'><strong>qualitatibus</strong></span> <span class='ocrx_word' id='word_1_435' title='bbox 601 4543 849 4618; x_wconf 88' lang='lat' dir='ltr'><strong>circumspectis</strong></span> <span class='ocrx_word' id='word_1_436' title='bbox 878 4545 910 4605; x_wconf 90' lang='lat' dir='ltr'><strong>et</strong></span> <span class='ocrx_word' id='word_1_437' title='bbox 965 4539 1166 4610; x_wconf 88' lang='lat' dir='ltr'><strong>necessaria,</strong></span> <span class='ocrx_word' id='word_1_438' title='bbox 1184 4539 1231 4600; x_wconf 87' lang='lat' dir='ltr'><strong>ita</strong></span> <span class='ocrx_word' id='word_1_439' title='bbox 1245 4539 1368 4608; x_wconf 91' lang='lat' dir='ltr'><strong>tamen,</strong></span> <span class='ocrx_word' id='word_1_440' title='bbox 1390 4537 1477 4613; x_wconf 90' lang='lat' dir='ltr'><strong>quod</strong></span> <span class='ocrx_word' id='word_1_441' title='bbox 1492 4538 1567 4613; x_wconf 88' lang='lat' dir='ltr'><strong>post</strong></span> <span class='ocrx_word' id='word_1_442' title='bbox 1587 4537 1659 4598; x_wconf 85' lang='lat' dir='ltr'><strong>haec</strong></span> <span class='ocrx_word' id='word_1_443' title='bbox 1684 4537 1758 4598; x_wconf 82' lang='lat' dir='ltr'><strong>loca</strong></span> 
     </span>
     <span class='ocr_line' id='line_1_43' title="bbox 114 4623 1759 4715; baseline 0 -19"><span class='ocrx_word' id='word_1_444' title='bbox 114 4635 717 4715; x_wconf 86' lang='lat' dir='ltr'><strong>deliberationediligentipraehabita,</strong></span> <span class='ocrx_word' id='word_1_445' title='bbox 730 4623 907 4713; x_wconf 84' lang='lat' dir='ltr'><strong>ordinavit,</strong></span> <span class='ocrx_word' id='word_1_446' title='bbox 965 4637 1153 4714; x_wconf 84' lang='lat' dir='ltr'><strong>hujusmodi</strong></span> <span class='ocrx_word' id='word_1_447' title='bbox 1163 4636 1357 4697; x_wconf 88' lang='lat' dir='ltr'><strong>remaneant</strong></span> <span class='ocrx_word' id='word_1_448' title='bbox 1369 4635 1404 4694; x_wconf 90' lang='lat' dir='ltr'><strong>in</strong></span> <span class='ocrx_word' id='word_1_449' title='bbox 1417 4635 1602 4709; x_wconf 80' lang='lat' dir='ltr'><strong>communi3</strong></span> <span class='ocrx_word' id='word_1_450' title='bbox 1621 4648 1759 4696; x_wconf 90' lang='lat' dir='ltr'><strong>necnon</strong></span> 
     </span>
     <span class='ocr_line' id='line_1_44' title="bbox 113 4731 1758 4811; baseline -0.001 -17"><span class='ocrx_word' id='word_1_451' title='bbox 113 4737 151 4796; x_wconf 89' lang='lat' dir='ltr'><strong>ut</strong></span> <span class='ocrx_word' id='word_1_452' title='bbox 164 4733 316 4794; x_wconf 89' lang='lat' dir='ltr'><strong>marchia</strong></span> <span class='ocrx_word' id='word_1_453' title='bbox 331 4734 476 4796; x_wconf 87' lang='lat' dir='ltr'><strong>civitatis</strong></span> <span class='ocrx_word' id='word_1_454' title='bbox 497 4735 651 4810; x_wconf 80' lang='lat' dir='ltr'><strong>itigensis</strong></span> <span class='ocrx_word' id='word_1_455' title='bbox 677 4735 759 4798; x_wconf 87' lang='lat' dir='ltr'><strong>citra</strong></span> <span class='ocrx_word' id='word_1_456' title='bbox 780 4739 909 4799; x_wconf 89' lang='lat' dir='ltr'><strong>Dunam</strong></span> <span class='ocrx_word' id='word_1_457' title='bbox 965 4737 999 4796; x_wconf 91' lang='lat' dir='ltr'><strong>in</strong></span> <span class='ocrx_word' id='word_1_458' title='bbox 1014 4733 1220 4811; x_wconf 86' lang='lat' dir='ltr'><strong>graminibus</strong></span> <span class='ocrx_word' id='word_1_459' title='bbox 1236 4733 1431 4808; x_wconf 91' lang='lat' dir='ltr'><strong>colligendis</strong></span> <span class='ocrx_word' id='word_1_460' title='bbox 1451 4733 1492 4792; x_wconf 88' lang='lat' dir='ltr'><strong>ad</strong></span> <span class='ocrx_word' id='word_1_461' title='bbox 1511 4731 1659 4802; x_wconf 89' lang='lat' dir='ltr'><strong>herbam,</strong></span> <span class='ocrx_word' id='word_1_462' title='bbox 1676 4733 1758 4793; x_wconf 89' lang='lat' dir='ltr'><strong>etin</strong></span> 
     </span>
     <span class='ocr_line' id='line_1_45' title="bbox 112 4829 1760 4910; baseline 0.001 -20"><span class='ocrx_word' id='word_1_463' title='bbox 112 4829 258 4906; x_wconf 79' lang='lat' dir='ltr'><strong>incipiat</strong></span> <span class='ocrx_word' id='word_1_464' title='bbox 272 4846 292 4890; x_wconf 86' lang='lat' dir='ltr'><strong>a</strong></span> <span class='ocrx_word' id='word_1_465' title='bbox 306 4831 449 4891; x_wconf 85' lang='lat' dir='ltr'><strong>Romula</strong></span> <span class='ocrx_word' id='word_1_466' title='bbox 466 4831 501 4892; x_wconf 93' lang='lat' dir='ltr'><strong>in</strong></span> <span class='ocrx_word' id='word_1_467' title='bbox 517 4833 639 4907; x_wconf 90' lang='lat' dir='ltr'><strong>angulo</strong></span> <span class='ocrx_word' id='word_1_468' title='bbox 665 4833 804 4910; x_wconf 87' lang='lat' dir='ltr'><strong>lapideae</strong></span> <span class='ocrx_word' id='word_1_469' title='bbox 828 4835 909 4910; x_wconf 89' lang='lat' dir='ltr'><strong>ripae</strong></span> <span class='ocrx_word' id='word_1_470' title='bbox 964 4833 1129 4894; x_wconf 90' lang='lat' dir='ltr'><strong>fodiendis</strong></span> <span class='ocrx_word' id='word_1_471' title='bbox 1144 4831 1302 4893; x_wconf 89' lang='lat' dir='ltr'><strong>alveariis</strong></span> <span class='ocrx_word' id='word_1_472' title='bbox 1315 4845 1415 4906; x_wconf 91' lang='lat' dir='ltr'><strong>apum</strong></span> <span class='ocrx_word' id='word_1_473' title='bbox 1424 4829 1464 4890; x_wconf 91' lang='lat' dir='ltr'><strong>de</strong></span> <span class='ocrx_word' id='word_1_474' title='bbox 1475 4829 1668 4905; x_wconf 72' lang='lat' dir='ltr'><strong>lignisquae</strong></span> <span class='ocrx_word' id='word_1_475' title='bbox 1680 4832 1760 4892; x_wconf 91' lang='lat' dir='ltr'><strong>sunt</strong></span> 
     </span>
     <span class='ocr_line' id='line_1_46' title="bbox 113 4925 1759 5007; baseline 0 -21"><span class='ocrx_word' id='word_1_476' title='bbox 113 4925 341 4998; x_wconf 82' lang='lat' dir='ltr'><strong>fluminis,ubi</strong></span> <span class='ocrx_word' id='word_1_477' title='bbox 353 4929 427 5004; x_wconf 89' lang='lat' dir='ltr'><strong>ripa</strong></span> <span class='ocrx_word' id='word_1_478' title='bbox 440 4928 558 5006; x_wconf 90' lang='lat' dir='ltr'><strong>incipit</strong></span> <span class='ocrx_word' id='word_1_479' title='bbox 570 4929 670 4990; x_wconf 91' lang='lat' dir='ltr'><strong>altius</strong></span> <span class='ocrx_word' id='word_1_480' title='bbox 686 4931 910 4992; x_wconf 91' lang='lat' dir='ltr'><strong>conscendere</strong></span> <span class='ocrx_word' id='word_1_481' title='bbox 965 4932 1000 4991; x_wconf 94' lang='lat' dir='ltr'><strong>in</strong></span> <span class='ocrx_word' id='word_1_482' title='bbox 1015 4931 1161 5007; x_wconf 90' lang='lat' dir='ltr'><strong>myricis,</strong></span> <span class='ocrx_word' id='word_1_483' title='bbox 1187 4931 1219 4990; x_wconf 91' lang='lat' dir='ltr'><strong>et</strong></span> <span class='ocrx_word' id='word_1_484' title='bbox 1242 4928 1284 4988; x_wconf 90' lang='lat' dir='ltr'><strong>ad</strong></span> <span class='ocrx_word' id='word_1_485' title='bbox 1313 4941 1443 4988; x_wconf 90' lang='lat' dir='ltr'><strong>omnem</strong></span> <span class='ocrx_word' id='word_1_486' title='bbox 1464 4927 1642 4988; x_wconf 87' lang='lat' dir='ltr'><strong>utilitatem</strong></span> <span class='ocrx_word' id='word_1_487' title='bbox 1656 4927 1759 4988; x_wconf 92' lang='lat' dir='ltr'><strong>aliam</strong></span> 
     </span>
     <span class='ocr_line' id='line_1_47' title="bbox 112 5024 1759 5104; baseline -0.001 -20"><span class='ocrx_word' id='word_1_488' title='bbox 112 5024 235 5085; x_wconf 90' lang='lat' dir='ltr'><strong>relicto</strong></span> <span class='ocrx_word' id='word_1_489' title='bbox 262 5024 415 5100; x_wconf 87' lang='lat' dir='ltr'><strong>superius</strong></span> <span class='ocrx_word' id='word_1_490' title='bbox 442 5029 558 5101; x_wconf 88' lang='lat' dir='ltr'><strong>prato;</strong></span> <span class='ocrx_word' id='word_1_491' title='bbox 587 5027 620 5088; x_wconf 93' lang='lat' dir='ltr'><strong>et</strong></span> <span class='ocrx_word' id='word_1_492' title='bbox 648 5025 687 5086; x_wconf 94' lang='lat' dir='ltr'><strong>de</strong></span> <span class='ocrx_word' id='word_1_493' title='bbox 713 5027 772 5087; x_wconf 93' lang='lat' dir='ltr'><strong>illo</strong></span> <span class='ocrx_word' id='word_1_494' title='bbox 787 5029 909 5104; x_wconf 89' lang='lat' dir='ltr'><strong>angulo</strong></span> <span class='ocrx_word' id='word_1_495' title='bbox 965 5029 1008 5090; x_wconf 92' lang='lat' dir='ltr'><strong>sit</strong></span> <span class='ocrx_word' id='word_1_496' title='bbox 1023 5027 1218 5089; x_wconf 89' lang='lat' dir='ltr'><strong>communis.</strong></span> <span class='ocrx_word' id='word_1_497' title='bbox 1234 5025 1602 5102; x_wconf 86' lang='lat' dir='ltr'><strong>Idemquoquelegatus</strong></span> <span class='ocrx_word' id='word_1_498' title='bbox 1618 5038 1668 5094; x_wconf 90' lang='lat' dir='ltr'><strong>ea,</strong></span> <span class='ocrx_word' id='word_1_499' title='bbox 1685 5039 1759 5100; x_wconf 87' lang='lat' dir='ltr'><strong>quae</strong></span> 
     </span>
     <span class='ocr_line' id='line_1_48' title="bbox 111 5119 1758 5202; baseline 0.001 -22"><span class='ocrx_word' id='word_1_500' title='bbox 111 5119 317 5198; x_wconf 89' lang='lat' dir='ltr'><strong>procedatur</strong></span> <span class='ocrx_word' id='word_1_501' title='bbox 359 5123 475 5183; x_wconf 88' lang='lat' dir='ltr'><strong>contra</strong></span> <span class='ocrx_word' id='word_1_502' title='bbox 520 5123 673 5198; x_wconf 89' lang='lat' dir='ltr'><strong>stagnum</strong></span> <span class='ocrx_word' id='word_1_503' title='bbox 718 5124 910 5202; x_wconf 88' lang='lat' dir='ltr'><strong>Rodenpois</strong></span> <span class='ocrx_word' id='word_1_504' title='bbox 965 5125 1043 5186; x_wconf 91' lang='lat' dir='ltr'><strong>sunt</strong></span> <span class='ocrx_word' id='word_1_505' title='bbox 1058 5124 1188 5186; x_wconf 91' lang='lat' dir='ltr'><strong>cultain</strong></span> <span class='ocrx_word' id='word_1_506' title='bbox 1201 5121 1429 5200; x_wconf 81' lang='lat' dir='ltr'><strong>ipsamarcliia</strong></span> <span class='ocrx_word' id='word_1_507' title='bbox 1441 5122 1511 5180; x_wconf 92' lang='lat' dir='ltr'><strong>sive</strong></span> <span class='ocrx_word' id='word_1_508' title='bbox 1524 5119 1668 5194; x_wconf 88' lang='lat' dir='ltr'><strong>inagris,</strong></span> <span class='ocrx_word' id='word_1_509' title='bbox 1687 5120 1758 5181; x_wconf 88' lang='lat' dir='ltr'><strong>sive</strong></span> 
     </span>
     <span class='ocr_line' id='line_1_49' title="bbox 113 5217 1755 5299; baseline -0.001 -21"><span class='ocrx_word' id='word_1_510' title='bbox 113 5219 209 5278; x_wconf 89' lang='lat' dir='ltr'><strong>recta</strong></span> <span class='ocrx_word' id='word_1_511' title='bbox 257 5217 346 5278; x_wconf 88' lang='lat' dir='ltr'><strong>linea</strong></span> <span class='ocrx_word' id='word_1_512' title='bbox 374 5235 478 5296; x_wconf 88' lang='lat' dir='ltr'><strong>usque</strong></span> <span class='ocrx_word' id='word_1_513' title='bbox 502 5219 543 5280; x_wconf 91' lang='lat' dir='ltr'><strong>ad</strong></span> <span class='ocrx_word' id='word_1_514' title='bbox 568 5223 700 5296; x_wconf 89' lang='lat' dir='ltr'><strong>pontem</strong></span> <span class='ocrx_word' id='word_1_515' title='bbox 725 5221 836 5294; x_wconf 90' lang='lat' dir='ltr'><strong>rivuli,</strong></span> <span class='ocrx_word' id='word_1_516' title='bbox 854 5223 910 5299; x_wconf 87' lang='lat' dir='ltr'><strong>qui</strong></span> <span class='ocrx_word' id='word_1_517' title='bbox 965 5223 1000 5282; x_wconf 94' lang='lat' dir='ltr'><strong>in</strong></span> <span class='ocrx_word' id='word_1_518' title='bbox 1015 5223 1119 5298; x_wconf 88' lang='lat' dir='ltr'><strong>pratis</strong></span> <span class='ocrx_word' id='word_1_519' title='bbox 1133 5237 1192 5282; x_wconf 89' lang='lat' dir='ltr'><strong>seu</strong></span> <span class='ocrx_word' id='word_1_520' title='bbox 1204 5222 1239 5280; x_wconf 92' lang='lat' dir='ltr'><strong>in</strong></span> <span class='ocrx_word' id='word_1_521' title='bbox 1252 5218 1438 5286; x_wconf 90' lang='lat' dir='ltr'><strong>arboribus,</strong></span> <span class='ocrx_word' id='word_1_522' title='bbox 1455 5232 1517 5277; x_wconf 90' lang='lat' dir='ltr'><strong>nec</strong></span> <span class='ocrx_word' id='word_1_523' title='bbox 1532 5231 1598 5276; x_wconf 91' lang='lat' dir='ltr'><strong>non</strong></span> <span class='ocrx_word' id='word_1_524' title='bbox 1621 5218 1755 5278; x_wconf 91' lang='lat' dir='ltr'><strong>molen·</strong></span> 
     </span>
     <span class='ocr_line' id='line_1_50' title="bbox 113 5314 1758 5396; baseline 0 -20"><span class='ocrx_word' id='word_1_525' title='bbox 113 5315 273 5390; x_wconf 90' lang='lat' dir='ltr'><strong>Pictorga</strong></span> <span class='ocrx_word' id='word_1_526' title='bbox 296 5315 482 5392; x_wconf 87' lang='lat' dir='ltr'><strong>vulgariter</strong></span> <span class='ocrx_word' id='word_1_527' title='bbox 501 5321 730 5394; x_wconf 85' lang='lat' dir='ltr'><strong>nuncupatur;</strong></span> <span class='ocrx_word' id='word_1_528' title='bbox 757 5319 797 5380; x_wconf 93' lang='lat' dir='ltr'><strong>de</strong></span> <span class='ocrx_word' id='word_1_529' title='bbox 812 5321 910 5396; x_wconf 93' lang='lat' dir='ltr'><strong>ponte</strong></span> <span class='ocrx_word' id='word_1_530' title='bbox 965 5319 1044 5380; x_wconf 93' lang='lat' dir='ltr'><strong>dina</strong></span> <span class='ocrx_word' id='word_1_531' title='bbox 1059 5335 1134 5380; x_wconf 92' lang='lat' dir='ltr'><strong>cum</strong></span> <span class='ocrx_word' id='word_1_532' title='bbox 1146 5317 1276 5389; x_wconf 81' lang='lat' dir='ltr'><strong>rivalte,</strong></span> <span class='ocrx_word' id='word_1_533' title='bbox 1298 5314 1473 5392; x_wconf 82' lang='lat' dir='ltr'><strong>exquibus</strong></span> <span class='ocrx_word' id='word_1_534' title='bbox 1489 5314 1627 5386; x_wconf 89' lang='lat' dir='ltr'><strong>molunt,</strong></span> <span class='ocrx_word' id='word_1_535' title='bbox 1644 5317 1678 5378; x_wconf 90' lang='lat' dir='ltr'><strong>et</strong></span> <span class='ocrx_word' id='word_1_536' title='bbox 1698 5329 1758 5376; x_wconf 89' lang='lat' dir='ltr'><strong>ve-</strong></span> 
     </span>
     <span class='ocr_line' id='line_1_51' title="bbox 113 5410 1758 5494; baseline -0.001 -22"><span class='ocrx_word' id='word_1_537' title='bbox 113 5427 195 5473; x_wconf 91' lang='lat' dir='ltr'><strong>vero</strong></span> <span class='ocrx_word' id='word_1_538' title='bbox 219 5415 311 5474; x_wconf 88' lang='lat' dir='ltr'><strong>recta</strong></span> <span class='ocrx_word' id='word_1_539' title='bbox 337 5413 536 5490; x_wconf 87' lang='lat' dir='ltr'><strong>procedatur</strong></span> <span class='ocrx_word' id='word_1_540' title='bbox 563 5413 652 5475; x_wconf 92' lang='lat' dir='ltr'><strong>linea</strong></span> <span class='ocrx_word' id='word_1_541' title='bbox 682 5431 786 5494; x_wconf 90' lang='lat' dir='ltr'><strong>usque</strong></span> <span class='ocrx_word' id='word_1_542' title='bbox 809 5433 910 5493; x_wconf 92' lang='lat' dir='ltr'><strong>prope</strong></span> <span class='ocrx_word' id='word_1_543' title='bbox 965 5417 1037 5478; x_wconf 92' lang='lat' dir='ltr'><strong>tera</strong></span> <span class='ocrx_word' id='word_1_544' title='bbox 1050 5417 1225 5492; x_wconf 88' lang='lat' dir='ltr'><strong>gurgustia</strong></span> <span class='ocrx_word' id='word_1_545' title='bbox 1246 5413 1398 5475; x_wconf 91' lang='lat' dir='ltr'><strong>omnibus</strong></span> <span class='ocrx_word' id='word_1_546' title='bbox 1413 5414 1480 5474; x_wconf 90' lang='lat' dir='ltr'><strong>tam</strong></span> <span class='ocrx_word' id='word_1_547' title='bbox 1501 5410 1643 5482; x_wconf 88' lang='lat' dir='ltr'><strong>clericis,</strong></span> <span class='ocrx_word' id='word_1_548' title='bbox 1660 5427 1758 5487; x_wconf 87' lang='lat' dir='ltr'><strong>quam</strong></span> 
     </span>
     <span class='ocr_line' id='line_1_52' title="bbox 114 5505 1759 5588; baseline -0.001 -18"><span class='ocrx_word' id='word_1_549' title='bbox 114 5507 216 5585; x_wconf 88' lang='lat' dir='ltr'><strong>caput</strong></span> <span class='ocrx_word' id='word_1_550' title='bbox 249 5509 358 5585; x_wconf 87' lang='lat' dir='ltr'><strong>stagni</strong></span> <span class='ocrx_word' id='word_1_551' title='bbox 385 5509 426 5570; x_wconf 88' lang='lat' dir='ltr'><strong>ad</strong></span> <span class='ocrx_word' id='word_1_552' title='bbox 455 5510 575 5582; x_wconf 91' lang='lat' dir='ltr'><strong>locum,</strong></span> <span class='ocrx_word' id='word_1_553' title='bbox 603 5511 658 5572; x_wconf 91' lang='lat' dir='ltr'><strong>ubi</strong></span> <span class='ocrx_word' id='word_1_554' title='bbox 685 5513 807 5574; x_wconf 90' lang='lat' dir='ltr'><strong>dicitur</strong></span> <span class='ocrx_word' id='word_1_555' title='bbox 831 5513 911 5574; x_wconf 89' lang='lat' dir='ltr'><strong>Lin-</strong></span> <span class='ocrx_word' id='word_1_556' title='bbox 966 5513 1061 5574; x_wconf 90' lang='lat' dir='ltr'><strong>laicis</strong></span> <span class='ocrx_word' id='word_1_557' title='bbox 1094 5508 1427 5572; x_wconf 88' lang='lat' dir='ltr'><strong>Dunemundensibus</strong></span> <span class='ocrx_word' id='word_1_558' title='bbox 1465 5505 1643 5588; x_wconf 78' lang='lat' dir='ltr'><strong>fratribus,</strong></span> <span class='ocrx_word' id='word_1_559' title='bbox 1673 5507 1759 5568; x_wconf 90' lang='lat' dir='ltr'><strong>sicut</strong></span> 
     </span>
     <span class='ocr_line' id='line_1_53' title="bbox 116 5601 1757 5687; baseline -0.001 -21"><span class='ocrx_word' id='word_1_560' title='bbox 116 5621 193 5680; x_wconf 89' lang='lat' dir='ltr'><strong>gua,</strong></span> <span class='ocrx_word' id='word_1_561' title='bbox 216 5605 270 5666; x_wconf 91' lang='lat' dir='ltr'><strong>cui</strong></span> <span class='ocrx_word' id='word_1_562' title='bbox 299 5605 429 5683; x_wconf 87' lang='lat' dir='ltr'><strong>adjacet</strong></span> <span class='ocrx_word' id='word_1_563' title='bbox 464 5609 617 5684; x_wconf 88' lang='lat' dir='ltr'><strong>stagnum</strong></span> <span class='ocrx_word' id='word_1_564' title='bbox 643 5605 684 5669; x_wconf 83' lang='lat' dir='ltr'><strong>ab</strong></span> <span class='ocrx_word' id='word_1_565' title='bbox 711 5623 778 5670; x_wconf 91' lang='lat' dir='ltr'><strong>una</strong></span> <span class='ocrx_word' id='word_1_566' title='bbox 802 5609 907 5686; x_wconf 88' lang='lat' dir='ltr'><strong>parte,</strong></span> <span class='ocrx_word' id='word_1_567' title='bbox 965 5609 1145 5687; x_wconf 90' lang='lat' dir='ltr'><strong>possident,</strong></span> <span class='ocrx_word' id='word_1_568' title='bbox 1185 5608 1319 5684; x_wconf 89' lang='lat' dir='ltr'><strong>integra</strong></span> <span class='ocrx_word' id='word_1_569' title='bbox 1343 5618 1546 5667; x_wconf 88' lang='lat' dir='ltr'><strong>conservans</strong></span> <span class='ocrx_word' id='word_1_570' title='bbox 1571 5605 1605 5662; x_wconf 90' lang='lat' dir='ltr'><strong>et</strong></span> <span class='ocrx_word' id='word_1_571' title='bbox 1640 5601 1757 5676; x_wconf 91' lang='lat' dir='ltr'><strong>libera,</strong></span> 
     </span>
     <span class='ocr_line' id='line_1_54' title="bbox 117 5699 1759 5783; baseline 0 -21"><span class='ocrx_word' id='word_1_572' title='bbox 117 5717 156 5762; x_wconf 87' lang='lat' dir='ltr'><strong>ac</strong></span> <span class='ocrx_word' id='word_1_573' title='bbox 180 5701 221 5762; x_wconf 83' lang='lat' dir='ltr'><strong>ab</strong></span> <span class='ocrx_word' id='word_1_574' title='bbox 244 5702 362 5774; x_wconf 86' lang='lat' dir='ltr'><strong>altera,</strong></span> <span class='ocrx_word' id='word_1_575' title='bbox 387 5719 460 5780; x_wconf 85' lang='lat' dir='ltr'><strong>quae</strong></span> <span class='ocrx_word' id='word_1_576' title='bbox 482 5703 604 5767; x_wconf 90' lang='lat' dir='ltr'><strong>dicitur</strong></span> <span class='ocrx_word' id='word_1_577' title='bbox 625 5706 781 5783; x_wconf 86' lang='lat' dir='ltr'><strong>Kilignis,</strong></span> <span class='ocrx_word' id='word_1_578' title='bbox 809 5706 910 5770; x_wconf 85' lang='lat' dir='ltr'><strong>etsie</strong></span> <span class='ocrx_word' id='word_1_579' title='bbox 966 5707 1091 5780; x_wconf 89' lang='lat' dir='ltr'><strong>statuit,</strong></span> <span class='ocrx_word' id='word_1_580' title='bbox 1119 5707 1154 5768; x_wconf 91' lang='lat' dir='ltr'><strong>ut</strong></span> <span class='ocrx_word' id='word_1_581' title='bbox 1178 5719 1264 5766; x_wconf 88' lang='lat' dir='ltr'><strong>nova</strong></span> <span class='ocrx_word' id='word_1_582' title='bbox 1285 5702 1459 5780; x_wconf 88' lang='lat' dir='ltr'><strong>gurgustia</strong></span> <span class='ocrx_word' id='word_1_583' title='bbox 1486 5701 1542 5760; x_wconf 89' lang='lat' dir='ltr'><strong>aut</strong></span> <span class='ocrx_word' id='word_1_584' title='bbox 1569 5699 1759 5762; x_wconf 89' lang='lat' dir='ltr'><strong>molendina</strong></span> 
     </span>
    </p>
   </div>
   <div class='ocr_carea' id='block_1_4' title="bbox 0 0 2062 6322">
    <p class='ocr_par' dir='ltr' id='par_1_7' title="bbox 0 0 2062 6322">
     <span class='ocr_line' id='line_1_55' title="bbox 0 0 2062 6322; baseline 0 0"><span class='ocrx_word' id='word_1_585' title='bbox 0 0 2062 6322; x_wconf 95' lang='lat' dir='ltr'><strong> </strong></span> 
     </span>
    </p>
   </div>
  </div>
 </body>
</html>
