4174 6324
287 357 325 416 le
909 349 1087 412 ttobtotut
1109 351 1155 410 ΙΙΙ
1177 349 1326 412 OPERA.
1772 389 1786 410 .
1886 355 1926 414 20

285 513 412 574 tionum
441 513 626 582 numerum,
657 521 852 584 aggravare.
877 508 970 570 Nulli
998 523 1077 585 ergo
1131 523 1244 584 regem
1255 509 1296 570 ad
1307 507 1495 572 vestrumst
1506 509 1725 570 ecclesiarum
1740 509 1925 572 vestrarum

284 611 420 671 omnino
432 609 600 669 hominum
616 607 716 668 liceat
727 607 813 666 hanc
829 607 985 682 paginam
998 622 1080 668 nos·
1133 605 1280 667 savorem
1296 621 1356 683 per
1370 607 1433 668 hoo
1449 607 1638 684 specialiter
1652 607 1833 678 inclinetis,
1848 623 1926 683 gra-

283 709 346 769 trae
362 705 568 768 inhibitionis
585 703 777 779 intringere,
793 704 845 764 vel
871 704 900 763 ei
926 720 1009 763 ausu
1029 706 1080 766 te·
1132 705 1264 779 tamque
1294 704 1558 764 vicissitudinem
1585 703 1627 764 ab
1655 719 1694 764 eo
1734 707 1925 780 exspectare

285 803 428 864 merario
442 803 620 862 contraire.
638 801 876 877 Siquisautem
890 801 952 861 hoc
968 803 1074 862 atten—
1133 801 1266 876 possitis
1287 801 1435 876 tempore
1458 803 1654 876 opportuno.
1677 801 1839 861 Nolumus
1864 817 1926 862 au-

284 903 355 962 tare
374 901 633 975 praesumpserit,
649 899 911 972 indignationem
927 897 1079 973 omnipo-
1132 898 1209 968 tem,
1238 897 1322 972 quod
1350 897 1511 958 exhibitio
1552 897 1781 957 subventionis
1807 899 1926 973 hujus-

285 997 387 1058 tentis
402 997 461 1056 Dei
475 999 507 1056 et
522 995 692 1056 beatorum
710 996 799 1056 Petri
812 997 844 1056 et
860 995 956 1055 Pauli
972 999 1078 1071 hpos-
1132 993 1219 1052 modi
1235 993 1388 1055 trahatur
1404 993 1445 1054 ad
1472 993 1753 1069 consequentiam,
1769 994 1819 1054 vel
1835 1010 1925 1069 prae-

283 1095 426 1156 telorum
439 1097 510 1169 ejus
524 1109 559 1153 se
575 1093 705 1154 noverit
719 1093 943 1152 incursurum.
960 1093 1077 1152 Datum
1128 1089 1291 1165 judicium
1317 1093 1455 1164 generet
1492 1089 1729 1150 ecclesiasticae
1764 1089 1921 1152 libertati.

285 1195 400 1262 Reate,
430 1194 475 1251 lli
490 1191 651 1252 kalendas
678 1190 850 1262 februarii,
867 1189 1078 1266 pontificatus
1132 1187 1249 1246 Datum
1267 1189 1380 1258 Reate,
1399 1189 1426 1247 V
1446 1187 1607 1248 kalendas
1627 1187 1797 1258 februarii,
1812 1186 1925 1264 ponti-

284 1288 639 1350 nostrlannodecimo.
1132 1283 1249 1346 heatus
1264 1283 1625 1346 nostrianuodecimo.

637 1517 725 1604 XCI
1474 1541 1581 1626 XCII

324 1669 376 1729 Ad
390 1671 672 1741 archiepiscopos,
688 1670 872 1740 episcopos,
889 1665 1035 1736 abbates,
1170 1689 1223 1749 Aa
1246 1691 1451 1762 episcopum,
1472 1693 1639 1750 decanum
1662 1691 1697 1750 g,
1719 1689 1884 1762 mennam

344 1765 494 1838 priores,
509 1765 542 1826 et
557 1769 643 1826 altos
651 1763 816 1838 prcetatos
828 1766 1015 1823 Hiberniae.
1249 1787 1282 1846 et
1296 1789 1576 1847 archidiaconum
1590 1790 1801 1847 premam,

549 1893 715 1965 28Juuuurii
733 1893 810 1950 ¹226·
1394 1916 1428 1972 29
1440 1916 1563 1988 januarii
1579 1917 1657 1974 libb.

392 2015 520 2080 triremes,
540 2018 608 2066 uon.
626 2016 803 2074 ttinernorum,
817 2015 856 2072 ²5·
873 2030 898 2063 ¹¹·
915 2015 968 2079 ⁶⁰·l
1147 2036 1266 2100 maest,
1283 2035 1329 2086 tn.
1340 2037 1373 2096 x,
1397 2037 1471 2102 epist.
1486 2038 1538 2087 rsa.
1553 2038 1610 2086 uss.
1628 2039 1750 2088 esrom
1765 2038 1800 2088 eu
1813 2037 1908 2102 000]

283 2143 341 2198 130⁸
352 2139 479 2196 hilifflfflf
491 2150 531 2208 ut,
548 2153 633 2210 quum
650 2154 771 2212 ‘egnum
791 2137 932 2196 iliberniae
948 2137 983 2194 fld
998 2140 1074 2194 Hefl·
1130 2159 1246 2216 blendet
1263 2161 1305 2216 eis
1322 2167 1352 2216 ut
1372 2162 1400 2216 in
1419 2175 1515 2230 causa,
1531 2176 1595 2232 quse
1615 2161 1687 2218 inter
1708 2162 1877 2233 magistrum
1895 2167 1924 2218 et

318 2229 408 2284 licum
425 2243 522 2299 legem
536 2228 647 2298 Angliae
660 2228 809 2300 Ρθῐῑῑῦθθῑν
824 2226 917 2282 eidem
934 2227 994 2299 regi
1008 2226 1074 2282 ⁸1¹b·
1166 2250 1279 2305 Fratres
1291 2249 1443 2321 Hospitalis
1456 2251 1606 2306 Mormouti
1619 2249 1653 2305 ab
1668 2263 1734 2316 une,
1748 2256 1777 2306 et
1790 2249 1922 2306 abbatem

318 2317 436 2374 veniant
458 2325 486 2373 et
519 2317 666 2374 collectam
693 2315 798 2372 lactant
827 2315 861 2372 ed
886 2329 1076 2386 expensarum
1165 2345 1395 2409 conventumque
1410 2336 1445 2393 de
1465 2338 1551 2394 umus
1565 2339 1600 2394 ah
1620 2339 1708 2394 attera
1722 2346 1812 2409 perte,
1826 2345 1920 2394 verre.

319 2405 449 2476 ejusdem
468 2420 555 2462 ⁰⁰⁰l³
571 2403 774 2478 sulimitanda·
1164 2423 1256 2488 batur,
1276 2425 1355 2496 juxta
1372 2433 1501 2482 tenorem
1517 2425 1644 2482 mandati
1655 2425 1856 2497 Apostolicide
1869 2425 1923 2482 boc

323 2541 492 2601 Honorius
503 2541 813 2617 episcopusservus
823 2553 995 2600 servorum
1003 2539 1074 2608 Dei,
1162 2511 1223 2584 iem
1238 2511 1295 2570 ‘¹⁸¹³
1311 2511 1456 2570 denntuve
1471 2513 1635 2586 9¹⁰⁰0d³¹¹¹·

283 2638 530 2698 venerabilibus
557 2637 714 2697 fratribus
743 2636 1016 2712 archiepiscopio,
1045 2636 1077 2696 et
1169 2639 1334 2698 Honorius
1346 2637 1655 2714 episcopusservus
1668 2639 1919 2709 servorumDei,

284 2733 414 2795 dilectis
436 2733 718 2804 tiliisabbatibus,
740 2733 919 2809 prioribus,
945 2735 977 2794 et
998 2733 1075 2794 aliis
1129 2735 1313 2796 venerabili
1348 2735 1494 2796 tratri...
1521 2736 1691 2811 episcopo,
1723 2737 1755 2796 et
1788 2736 1920 2796 dilectis

283 2832 431 2906 praelatis
453 2847 492 2892 ac
513 2829 697 2892 rectoribus
719 2830 937 2890 ecclesiarum
957 2831 991 2890 in
1016 2831 1077 2890 lli-
1130 2831 1259 2892 tiliis...
1286 2832 1411 2892 decano
1435 2833 1546 2893 Sancti
1565 2831 1735 2908 Stephani,
1752 2833 1785 2892 et
1806 2833 1922 2893 archi-

282 2927 398 2990 bernia
419 2929 617 2998 constitutis,
634 2927 787 2998 salutem,
804 2929 867 2988 eto.
1130 2928 1269 2990 diacono
1291 2929 1459 2998 Trecensi,
1478 2929 1628 2998 salutem,
1644 2931 1705 2989 ete.

323 3029 396 3086 Non
424 3026 557 3087 laeditur
584 3025 721 3086 libertas
746 3025 984 3095 ecclesiastica,
1018 3024 1075 3083 sed
1172 3025 1289 3087 Dilecti
1307 3025 1404 3085 tilii...
1422 3027 1591 3100 magister,
1608 3026 1640 3086 et
1661 3025 1780 3086 iratres
1799 3025 1923 3102 Hospi··

284 3121 481 3191 detenditur,
498 3120 752 3181 cumdeiensori
767 3122 850 3194 ejus,
864 3121 1076 3180 staturerum
1129 3121 1206 3181 talis
1246 3123 1423 3182 Mormonti
1465 3139 1525 3183 sua
1561 3121 1655 3182 nobis
1694 3122 1921 3183 insinuatione

284 3219 317 3278 et
330 3220 514 3291 temporum
532 3217 697 3290 exigente,
720 3214 903 3274 subsidium
921 3214 1076 3274 liberali·
1129 3219 1367 3290 monstrarunt,
1386 3220 1471 3295 quod
1496 3235 1570 3278 eum
1597 3219 1823 3294 praedeeessor
1845 3235 1921 3279 ma-

283 3313 526 3374 terexhibetur.
539 3313 618 3371 Cum
629 3327 709 3386 ergo
718 3310 890 3370 carissimo
901 3309 1076 3370 inChristo
1129 3314 1225 3389 gistri
1243 3314 1401 3389 eJusdem,
1416 3315 1449 3374 et
1470 3314 1591 3375 iratres
1616 3315 1678 3390 ipsi
1700 3315 1923 3390 cognitionem

190 3420 192 3428 ’
283 3410 352 3470 filio
374 3411 488 3470 nostro
502 3405 685 3487 Hlenrico]‚
705 3407 777 3482 regi
789 3406 970 3481 Anglorum
986 3407 1078 3466 illus·
1130 3411 1300 3486 cujusdam
1315 3410 1500 3472 ‹lisssnitivae
1512 3413 1696 3478 sententiae,
1709 3428 1844 3489 quam...
1861 3411 1924 3472 ab·

283 3507 338 3578 tri,
355 3507 458 3568 multa
478 3506 673 3566 immineant
688 3504 955 3566 necessariarum
974 3519 1076 3566 onera
1129 3507 1188 3567 bas
1206 3508 1317 3568 Sancti
1333 3507 1508 3568 Michaelis
1521 3509 1784 3568 Tornodorensis
1796 3509 1829 3569 et
1843 3523 1924 3569 con-

284 3618 518 3680 expensarum,
544 3603 577 3664 et
594 3604 728 3678 propter
743 3601 806 3662 hoc
823 3601 886 3662 sibi
904 3601 1078 3660 mandavi·
1126 3605 1256 3682 judices
1280 3603 1331 3663 sui
1362 3604 1504 3679 delegati
1532 3620 1552 3664 a
1579 3605 1673 3664 nobis
1712 3606 1827 3667 eontra
1865 3621 1923 3666 eos

284 3716 357 3760 mus
381 3717 401 3760 a
429 3699 518 3761 clero
542 3699 670 3774 Angttae
696 3697 880 3758 subsidium
912 3697 1074 3768 exhiberi,
1130 3715 1226 3776 pro...
1250 3699 1378 3770 abbate,
1407 3715 1447 3760 ao
1465 3703 1631 3761 conventu
1650 3700 1690 3760 de
1712 3701 1920 3771 010οἰ00ἰο-

284 3798 536 3858 universitatem
560 3797 705 3856 vestram
735 3795 877 3855 sollicite
905 3794 1077 3855 hortamur
1129 3798 1303 3859 tercionsis
1330 3797 1468 3864 ordinis,
1500 3798 1718 3873 Lingonensis
1752 3799 1917 3870 dioecesis,

284 3909 344 3970 per
368 3893 557 3968 Apostolica
588 3891 682 3952 vobis
713 3892 836 3966 scripta
870 3891 1074 3962 mandantes,
1130 3911 1230 3971 super
1244 3895 1284 3954 de
1297 3897 1426 3965 Queren
1442 3895 1474 3955 et
1496 3895 1536 3955 de
1551 3895 1749 3955 Bellisverre
1770 3895 1919 3970 grangiis

284 3992 447 4066 quatenus
462 4005 537 4049 cum
560 4003 700 4062 regnum
716 3986 884 4047 Hiberniae
906 3987 946 4046 ad
969 3987 1076 4062 ipsum
1130 3991 1347 4069 protulerunt,
1366 3991 1459 4052 vobis
1484 3991 1561 4051 dum
1576 3993 1622 4062 tu,
1638 3989 1742 4051 irater
1755 3992 1921 4068 episcope,

284 4087 453 4164 pertinere
475 4087 643 4156 noscatur,
673 4099 712 4144 ao
733 4099 792 4160 per
817 4085 880 4144 hoc
900 4083 1005 4143 eidem
1024 4085 1077 4143 in·
1129 4089 1308 4149 canonicus
1330 4088 1508 4148 ‘trecensis
1525 4087 1699 4158 existeres
1716 4087 1924 4148 obtinuerint

283 4185 416 4246 cumbat
441 4183 618 4244 defendere
642 4183 829 4244 vestrarum
860 4182 1076 4242 ecclesiarum
1130 4185 1250 4246 asede
1265 4185 1454 4260 Apostolica
1470 4185 1617 4259 delegari
1638 4187 1672 4245 et
1691 4185 1790 4244 suerit
1807 4201 1920 4245 coram

281 4281 451 4342 libertates
471 4283 504 4342 et
520 4283 609 4356 jura,
624 4295 748 4356 vosque
768 4279 885 4340 deceat
906 4278 982 4350 sibl,
1003 4294 1077 4339 cum
1129 4280 1223 4341 vobis
1239 4297 1340 4357 super
1354 4281 1545 4356 hujusmodi
1566 4281 1699 4357 negotio
1718 4297 1777 4357 per
1796 4297 1921 4341 annum

282 4395 464 4456 exposcere
500 4379 631 4442 videtur
667 4377 861 4448 necessitas,
893 4376 1078 4436 liberaliter
1131 4377 1318 4453 etamplius
1334 4377 1511 4452 litigatum,
1530 4378 1664 4438 tandem
1690 4393 1750 4453 per
1771 4377 1922 4454 praedicti

284 4475 472 4546 subvenire,
494 4475 679 4544 collectam,
697 4475 846 4549 pensatis
870 4471 1077 4547 singularum
1131 4473 1386 4551 praedecessoris
1415 4474 1580 4534 incuriam
1609 4475 1778 4548 negotium
1816 4473 1923 4549 ipsum

285 4571 501 4632 eeclesiarum
515 4569 738 4638 facultatibus,
756 4569 886 4630 faciatis
902 4569 942 4628 ad
959 4584 1079 4644 expen·
1132 4572 1218 4632 ultra
1240 4571 1493 4648 quadriennium
1518 4573 1568 4631 est
1586 4571 1770 4646 neglectum
1788 4592 1795 4630 :
1822 4585 1924 4646 quare

285 4683 397 4728 sarum
414 4668 519 4744 ipsius
534 4667 623 4740 regis
636 4681 738 4725 onera
754 4665 988 4740 supportanda,
1004 4681 1077 4726 oum
1131 4668 1341 4745 postularunt
1356 4684 1374 4727 a
1389 4669 1493 4738 nobis,
1512 4668 1548 4727 ut
1563 4683 1622 4742 per
1636 4667 1832 4727 beneficium
1848 4683 1924 4728 res·

285 4765 427 4825 consilio
455 4763 656 4825 venerabilis
686 4762 799 4823 fratris
826 4763 930 4822 nostri
934 4805 994 4821 .....
1022 4777 1080 4822 ar·
1131 4765 1297 4827 titutionis
1317 4765 1351 4824 in
1375 4766 1550 4838 integrum,
1567 4763 1595 4823 si
1620 4763 1663 4824 sit
1684 4765 1922 4832 necessarium,

285 4862 488 4938 chlepiscopi
505 4860 716 4921 Dublinensis
736 4860 865 4936 aliquos
882 4859 976 4920 viros
990 4862 1078 4920 notae
1132 4862 1364 4922 subvenientes
1384 4862 1519 4930 eisdem,
1537 4861 1666 4921 admitti
1681 4876 1738 4920 eos
1753 4861 1794 4921 ad
1810 4877 1926 4937 prose-

286 4959 470 5036 prudentiae
494 4957 705 5034 approbatae
732 4957 808 5017 tldei
832 4956 1004 5031 eligentes,
1022 4957 1078 5032 qui
1132 4959 1298 5036 quendum
1326 4958 1545 5018 memoratum
1571 4957 1751 5032 negotium,
1770 4973 1837 5018 non
1866 4957 1926 5018 ob-

285 5056 460 5132 pecuniam
473 5055 638 5131 recipiant
650 5069 708 5130 pro
725 5053 941 5114 subventione
959 5053 1078 5130 hujus·
1133 5059 1240 5117 stante
1270 5055 1351 5116 tanti
1379 5055 1521 5115 decursu
1556 5055 1715 5130 temporis
1748 5054 1927 5114 mandare·

285 5153 626 5228 modicolligendam,
652 5165 789 5226 eamque
815 5151 987 5225 assignent
1015 5151 1078 5227 ipsi
1132 5169 1216 5214 mus.
1248 5151 1389 5228 Ideoque
1422 5151 1632 5221 mandamus,
1658 5151 1831 5226 quatenus,
1862 5151 1925 5210 hoc
2001 5218 2005 5228 ¹
2079 5165 2080 5174 ¹

287 5250 537 5326 archiepiscopo
562 5251 595 5311 et
614 5248 740 5310 duobus
763 5245 850 5319 aliis,
872 5248 929 5324 qui
953 5249 994 5308 ad
1017 5249 1079 5310 hoc
1132 5267 1199 5311 000
1212 5249 1373 5320 obstante,
1388 5249 1423 5308 in
1436 5249 1568 5323 negotio
1577 5249 1675 5323 Juxta
1695 5247 1816 5322 prioris
1830 5263 1927 5306 man-

286 5347 398 5410 idonei
412 5347 619 5418 videbuntur,
636 5362 696 5422 per
710 5360 767 5406 eos
783 5345 823 5404 ad
840 5361 1003 5422 expensas
1023 5346 1078 5421 ip·
1133 5349 1202 5409 dati
1223 5349 1382 5416 tenorem,
1396 5345 1619 5421 appellatione
1636 5345 1773 5416 remota,
1796 5346 1928 5405 ratione

288 5446 358 5506 sius
372 5445 472 5520 regis,
492 5461 565 5520 quae
578 5443 779 5504 videbuntur
793 5443 824 5503 ei
841 5445 873 5504 et
895 5459 996 5520 regno
1020 5459 1080 5504 suo
1134 5445 1257 5522 praevia
1271 5443 1468 5518 procedatis.
1487 5441 1577 5513 Quod
1595 5441 1623 5500 si
1636 5456 1702 5502 nou
1718 5455 1843 5512 omnes,
1861 5443 1923 5502 eto.

287 5543 394 5618 magis
414 5542 624 5614 necessariae,
652 5541 916 5611 ministrandam,
943 5541 1082 5602 manda·
1135 5545 1252 5604 Datum
1266 5541 1379 5612 Reate,
1392 5542 1467 5600 XlV
1481 5537 1641 5598 kalendas
1653 5537 1822 5609 februarii,
1839 5553 1927 5614 pou-

287 5643 356 5703 tum
372 5641 521 5704 nostrum
539 5640 652 5702 taliter
670 5639 849 5716 impleturi,
867 5639 952 5718 qued
973 5639 1080 5716 ipsum
1135 5640 1281 5701 titicatus
1295 5639 1398 5700 nostri
1415 5653 1503 5699 anuo
1518 5635 1657 5696 decimo.
