4174 6324
334 319 375 403 ee
953 339 1129 402 uosoau
1151 341 1197 402 m
1217 343 1366 404 orum.
1934 349 1977 408 co

337 499 522 580 patrocinIo
532 497 782 561 communimus.
796 497 886 558 Nulli
899 513 979 573 ergo
994 499 1128 560 omnino

335 600 506 662 hominurn
521 597 621 657 liceat
639 597 724 656 hanc
747 596 913 672 paginam.
931 597 991 656 etc.
1010 599 1128 658 Datum

336 696 501 766 Laterani,
512 694 649 756 v11kul.
660 693 786 770 aprilis,
798 693 1007 769 pontificatus
1021 695 1127 755 nostri

335 809 422 855 anuo
437 793 576 854 decimo.

653 935 813 1020 CXXIII

372 1081 424 1138 Ad
439 1079 592 1138 abbatem
609 1077 643 1136 ct
661 1076 868 1137 coercentem
882 1077 1088 1138 rrzonoatcrii

490 1177 525 1236 S.
539 1177 647 1234 blasii
662 1178 703 1233 dc
720 1176 834 1248 Nicro
852 1176 965 1247 Spica.

609 1305 643 1360 27
659 1305 751 1360 martii
767 1305 845 1360 lito.

441 1418 701 1482 [wirtembergisches
714 1419 769 1474 ll),
786 1419 829 1474 Ill,
845 1419 899 1475 loa,
912 1433 937 1466 1.
951 1419 1016 1479 710.]

330 1534 573 1606 compositionem
586 1533 658 1590 iuter
673 1533 805 1590 abbatem
820 1541 1051 1605 conventumque
1065 1549 1125 1590 mo-

365 1623 482 1680 nasterii
502 1624 530 1680 S.
554 1623 640 1680 Blasii
658 1621 695 1678 de
709 1624 798 1694 Nigra
819 1623 903 1694 Sylva
925 1631 954 1680 et
973 1624 1125 1680 chrieum

364 1711 517 1782 plebanum
539 1709 575 1766 de
595 1711 711 1783 Nalling
731 1725 816 1784 super
840 1711 959 1768 decimis
982 1711 1125 1768 mediante

365 1798 527 1858 Dielbclmo
547 1800 756 1856 constantiensi
775 1799 911 1872 epIscopo
931 1797 1034 1856 laetam
1054 1813 1121 1856 cou-

365 1887 470 1944 lirnuat.

369 2004 537 2066 Honorius
548 2004 735 2080 episcopus,
746 2004 1122 2074 serrusservorumllei,

329 2100 460 2162 dilectis
480 2101 596 2160 tiliis...
613 2099 724 2160 abbati
740 2101 773 2159 et
787 2101 966 2160 conventui
985 2116 1123 2160 monas-

330 2197 409 2258 terii
423 2199 456 2256 S.
471 2195 575 2256 Blasii
592 2195 632 2256 de
648 2196 752 2270 Nigra
768 2197 880 2271 Sylva,
897 2197 1048 2268 salutem,
1059 2199 1120 2258 etc.

367 2295 414 2354 Ea
423 2309 496 2369 quae
503 2293 692 2368 judiciovel
702 2293 881 2354 concordia
889 2295 1121 2364 terminantur,

328 2391 519 2466 Apostolico
547 2391 702 2450 convenit
730 2391 888 2465 praesidio
912 2391 1121 2458 communiri,

327 2501 371 2550 ne
385 2487 421 2548 iu
437 2488 566 2548 iteratae
589 2487 784 2550 relabantur
808 2487 998 2562 scrupulum
1014 2504 1123 2563 quass-

327 2583 440 2646 tionis.
471 2585 669 2660 Eapropter‚
693 2585 804 2646 dilecti
826 2585 861 2644 in
885 2584 1024 2646 Domino
1048 2584 1119 2656 tilii,

327 2681 447 2744 vestrIs
456 2681 557 2758 justis
570 2680 845 2756 postulationibus
857 2682 1019 2752 inclinati,
1032 2697 1123 2741 com-

328 2777 537 2854 positionem,
549 2793 622 2853 quae
633 2779 789 2839 intervos
802 2781 835 2839 et
847 2779 1002 2839 dilectum
1016 2779 1121 2838 lilium

326 2875 506 2938 Henr'icum
528 2875 706 2950 plebanum
728 2875 769 2936 de
791 2875 927 2950 Nalling
949 2865 1048 2950 super
1063 2875 1123 2934 de·

327 2971 433 3044 almis,
450 2972 617 3034 mediante
635 2972 730 3034 bonae
752 2973 920 3033 memoriae
936 2973 1120 3033 Diethelmo

328 3069 574 3130 constantiensi
612 3070 786 3144 episcopo,
821 3070 884 3130 loci
919 3069 1118 3140 dioecesan0‚

328 3163 548 3226 amicabiliter
561 3165 752 3234 intervenit,
770 3165 856 3225 sicut
870 3165 942 3226 sine
958 3167 1121 3240 pravitate

328 3259 465 3332 provide
477 3257 565 3320 lacta
577 3261 637 3330 est,
650 3261 683 3320 et
696 3259 739 3320 ab
749 3261 889 3336 utraque
901 3264 994 3335 parte
1005 3261 1120 3336 sponte

325 3357 477 3430 recepta,
508 3357 541 3416 et
569 3355 729 3416 hacteuus
766 3357 904 3432 pacifice
932 3357 1117 3428 observata,

325 3465 454 3510 necnon
465 3451 499 3510 in
510 3451 630 3512 litteris
641 3453 789 3528 eJ'usdem
800 3454 946 3529 episcopi
960 3453 1119 3514 conlectis

327 3545 448 3605 exinde
459 3547 580 3608 dicitur
591 3549 720 3622 plenius
734 3551 909 3622 contineri,
922 3551 1118 3611 auctoritate

324 3641 514 3717 Apostolica
525 3643 758 3704 confirmamus
770 3647 803 3705 et
816 3647 989 3721 praesentis
1003 3648 1118 3722 scripti

326 3737 511 3814 patrocinio
522 3740 772 3802 commuuimus.
786 3743 877 3802 Nulli
890 3759 969 3818 ergo
983 3744 1116 3804 omnino

325 3832 496 3895 hominum
509 3835 608 3896 liceat
622 3837 708 3898 hanc
722 3839 878 3914 paginam
894 3842 1015 3900 nostrae
1032 3855 1115 3899 con-

324 3927 522 3989 firmationis
533 3931 789 4008 infringereve
801 3935 832 3994 ei
843 3935 1116 3996 ausutemerario

324 4025 502 4086 contraire.
534 4027 570 4086 Si
606 4027 679 4104 quis
708 4031 819 4090 autem
857 4031 923 4091 hoc.
954 4033 1116 4092 attentare

322 4124 580 4198 praesumpserit,
596 4123 857 4199 indignationem
881 4128 1116 4203 omnipotentis

322 4218 382 4278 Dei
395 4219 428 4280 et
441 4217 611 4281 beatorum
628 4221 718 4282 Petri
731 4223 764 4282 et
778 4223 874 4282 Pauli
891 4224 1115 4300 apostolorum

321 4315 1113 4394 oiussenoveritincursurum.DatumLaterani,

321 4411 460 4564 ί11111001.
491 4415 622 4490 aprilis,
648 4417 860 4492 pontificatus
898 4417 1003 4480 nostri
1027 4435 1114 4480 anno

344 4521 459 4568 sermo.

640 4649 796 4737 CXXIV

321 4787 374 4852 Ad
390 4788 666 4868 prepositumflet
679 4792 886 4872 conuentum
908 4795 1114 4856 monasterii

377 4885 636 4962 Retcbersperp,
654 4889 786 4948 ordinis
800 4889 834 4948 S·
856 4890 1050 4963 cereatini.

605 5015 622 5072 t
634 5015 731 5086 aprilis
746 5017 825 5074 1116.

542 5125 664 5190 [Monam.
679 5129 763 5188 Belca,
777 5129 819 5189 IV,
833 5129 901 5194 131]

317 5229 375 5287 Eos
384 5231 506 5288 tuendos
516 5235 643 5306 suscipit,
656 5235 816 5308 speclaliter
827 5243 921 5293 autem
933 5237 1109 5297 advocatiam

351 5317 480 5376 ecclesie
497 5333 595 5378 eorum
610 5330 639 5379 et
650 5321 794 5380 libertates
813 5339 847 5380 ac
866 5308 1060 5385 immunitates
1075 5329 1110 5386 ab

349 5405 525 5476 eberhardo,
540 5407 738 5482 salzburgensi
751 5411 976 5486 arehiepIscopo,
989 5416 1032 5473 eis
1045 5431 1111 5476 cou-

349 5507 447 5553 cessas
461 5495 621 5554 confirmat.

354 5611 519 5675 Honorius
528 5614 713 5691 eptscopus,
725 5631 840 5678 servus
852 5633 1022 5681 servorum
1035 5620 1104 5691 liei,

1182 499 1311 562 dilectis
1327 501 1404 561 liliis
1422 502 1597 578 praeposito
1609 504 1829 564 etcouveutui
1844 519 1976 564 monas·
2074 507 2075 590 1

1183 599 1258 657 terii
1274 599 1308 658 in
1323 599 1556 675 Reielresperg,
1573 601 1699 660 ordinis
1716 601 1827 660 Sancti
1842 605 1976 676 Augus-

1181 695 1254 765 tini,
1283 695 1422 756 saluiem
1451 699 1484 758 et
1512 699 1733 772 apostolicam
1764 697 1973 758 benedictio-

1182 808 1268 851 nem.

1220 890 1323 949 Justis
1350 891 1530 966 petentium
1559 893 1735 952 desideriis
1760 893 1896 968 dignum
1922 895 1975 954 est
2074 855 2075 916 f

1182 1001 1241 1044 nos
1265 987 1396 1046 lacilcm
1422 989 1568 1063 prebere
1593 1005 1801 1055 eonsensum,
1827 993 1860 1049 et
1883 993 1971 1059 vota,

1181 1099 1254 1157 quae
1280 1099 1300 1143 a
1329 1086 1469 1144 rationis
1503 1087 1636 1146 tramite
1671 1101 1736 1144 non
1771 1087 1972 1156 discordant,

1181 1179 1300 1239 etseelu
1331 1184 1549 1256 prosequente
1582 1183 1755 1256 complere.
1777 1185 1973 1258 Eapropter‚

1181 1276 1291 1336 dilecti
1307 1277 1341 1336 11
1357 1279 1493 1338 Domino
1510 1279 1580 1348 tilii,
1597 1279 1717 1338 vestris
1733 1280 1833 1353 justis
1853 1283 1973 1353 postu-

1181 1373 1361 1433 lationibus
1375 1379 1469 1450 grato
1485 1377 1718 1434 concurrentes
1734 1391 1883 1445 assensu,
1899 1391 1976 1450 per-

1180 1487 1280 1531 sonas
1301 1475 1440 1543 vestras,
1457 1475 1489 1533 et
1507 1473 1614 1532 locum
1628 1473 1663 1531 in
1681 1487 1745 1547 quo
1764 1472 1843 1532 astla
1858 1472 1974 1532 divino

1181 1567 1339 1644 obsequio
1360 1571 1551 1646 mancipati,
1568 1585 1641 1628 cum
1664 1568 1915 1644 omnibusque
1934 1570 1973 1628 in

1179 1667 1433 1738 praesentiarum
1459 1665 1704 1727 naitonabiliter
1729 1667 1886 1740 possidet,
1912 1667 1973 1725 aut

1180 1761 1214 1820 iu
1232 1761 1378 1822 futurum
1392 1765 1492 1838 jusus
1514 1763 1619 1823 modis
1636 1764 1813 1838 prestante
1828 1762 1971 1821 Domino

1179 1859 1299 1932 poterit
1318 1860 1469 1934 adipisci,
1489 1859 1550 1919 suh
1566 1861 1653 1921 beati
1670 1861 1759 1920 Petri
1775 1861 1807 1920 et
1822 1861 1971 1919 nostram

1178 1957 1415 2030 protectionem
1426 1959 1635 2033 suscipimus.
1649 1958 1844 2031 Speeialiter
1858 1957 1970 2017 autem

1178 2052 1384 2114 advocatiam
1404 2054 1553 2114 ecclesiae
1568 2055 1698 2121 vestrae,
1715 2069 1842 2115 necnon
1861 2054 1970 2114 liber-

1177 2150 1262 2208 tates
1294 2149 1328 2210 et
1357 2149 1580 2211 immunitates
1604 2165 1624 2211 a
1650 2151 1832 2212 venerabili
1866 2149 1970 2210 tratre

1177 2246 1513 2318 nostr0Eberl1ardo,
1539 2248 1771 2322 salzburgensi
1794 2247 1968 2322 arehiepi-

1177 2359 1287 2418 scopo,
1305 2345 1441 2418 capituli
1454 2345 1505 2403 sui
1521 2345 1697 2405 accedente
1714 2359 1887 2413 consensu,
1901 2359 1967 2404 vo-

1177 2438 1227 2497 his
1253 2441 1285 2499 et
1311 2441 1416 2500 eidem
1448 2441 1597 2502 ecclesiae
1622 2445 1743 2502 vestrae
1778 2455 1965 2510 concessae,
2074 2443 2075 2446 ’

1177 2535 1444 2612 sicuteasjuste,
1460 2539 1618 2598 canonice
1639 2554 1679 2598 ac
1701 2537 1837 2613 pacifice
1854 2537 1966 2612 possi-

1176 2629 1272 2699 detis,
1290 2633 1322 2690 et
1339 2632 1373 2690 in
1389 2631 1507 2691 litteris
1525 2633 1766 2706 archiepiscopi
1783 2633 1816 2690 et
1830 2631 1967 2706 capItuli

1175 2727 1422 2800 praemissorum
1443 2728 1562 2787 exinde
1577 2729 1735 2788 conlectis
1753 2727 1874 2787 dicitur
1891 2727 1965 2802 ple-

1175 2820 1250 2878 nius
1270 2821 1445 2890 contineri,
1462 2820 1555 2880 vobis
1579 2822 1612 2880 et
1630 2837 1762 2896 perros
1784 2819 1891 2880 eidem
1911 2836 1968 2879 ec-

1175 2916 1285 2988 clesiae
1302 2918 1421 2976 vestrae
1436 2917 1633 2977 auctoriiate
1647 2917 1835 2992 apostoliea
1848 2917 1968 2976 coufir-

1175 3027 1314 3072 mamus.
1337 3013 1429 3073 Nulli
1452 3029 1549 3090 ergo,
1575 3015 1637 3074 etc.
1663 3015 1780 3074 Datum
1796 3013 1965 3081 Laterani,

1175 3111 1220 3168 lll
1246 3125 1323 3169 101.
1341 3099 1476 3186 aprilis,
1506 3110 1716 3186 pontificatus
1744 3109 1848 3170 nostri
1876 3123 1966 3168 aurio

1175 3206 1312 3266 decimo.

1213 3533 1264 3591 Ad
1279 3532 1480 3592 abbatemet
1494 3533 1699 3592 correctricem
1712 3533 1916 3593 erorrosterii

1383 3631 1417 3688 S·
1435 3629 1535 3690 Petri
1547 3632 1748 3690 coriciensis.

1460 3759 1479 3814 5
1492 3759 1588 3830 aprilis
1605 3759 1682 3816 lano.

1188 3880 1334 3939 [Loclrerem
1346 3880 1432 3930 chart.
1446 3885 1471 3929 ct
1482 3882 1623 3930 Documde
1635 3881 1749 3944 l’ubbaye
1757 3881 1789 3932 de
1799 3881 1946 3938 St.·Pierre,

1489 3961 1544 4018 abt,
1558 3975 1583 4010 1.
1595 3960 1661 4024 lali

1171 4065 1219 4121 Eis
1238 4065 1368 4122 concedit
1385 4073 1417 4121 ut
1433 4067 1569 4122 eeclesias
1583 4066 1619 4126 de
1631 4066 1774 4124 Yseudiku
1792 4065 1870 4124 etde
1885 4067 1962 4123 can-

1174 4151 1288 4221 -dav0‚
1314 4169 1401 4225 quum
1430 4156 1603 4223 vacaverint,
1629 4156 1659 4210 iu
1682 4155 1814 4228 ejusdem
1839 4155 1963 4212 coenobii

1204 4241 1355 4298 utilitatem
1370 4249 1536 4298 convertere
1548 4243 1668 4314 possint.

1209 4367 1375 4427 Honorius
1385 4368 1570 4444 episcopua,
1583 4383 1698 4429 servus
1709 4381 1880 4428 servorum
1888 4368 1960 4438 Dei,

1169 4461 1297 4522 dilectis
1310 4463 1388 4523 liliis
1402 4464 1513 4525 abbati
1526 4467 1559 4524 et
1574 4463 1752 4525 conventui
1764 4464 1962 4524 monasterii

1169 4561 1202 4618 S.
1219 4561 1310 4620 Petri
1325 4561 1521 4632 candensis,
1538 4561 1677 4622 salutem
1691 4563 1725 4622 et
1737 4560 1962 4637 apostolicam

1167 4653 1442 4717 benedictionem.

1208 4752 1350 4813 UtiIItati
1379 4753 1572 4814 monasterii
1597 4755 1720 4825 vestri,
1750 4753 1837 4830 quod
1866 4753 1963 4828 guasi

1167 4847 1343 4922 premitur,
1375 4851 1411 4909 ut
1436 4849 1606 4921 asseritis,
1634 4865 1736 4910 onere
1761 4847 1960 4918 debitorum,

1166 4945 1306 5019 paterna
1331 4945 1480 5006 volentes
1516 4945 1740 5006 sollicitudine
1772 4945 1959 5022 providere,

1165 5041 1285 5100 vestris
1298 5040 1451 5102 inclinati
1462 5043 1625 5118 precihus,
1642 5043 1855 5118 praesentium
1866 5040 1961 5103 vobis

1165 5137 1362 5198 auctoritate
1375 5139 1597 5211 concedimus,
1612 5143 1775 5215 quatenus
1790 5141 1832 5199 de
1846 5141 1959 5198 Yssn-

1165 5231 1243 5293 dilra
1266 5233 1359 5294 etde
1381 5234 1537 5296 Gandavo
1561 5235 1732 5307 eeclesias,
1750 5251 1832 5312 quas
1846 5235 1960 5295 dicitis

1164 5331 1205 5392 ad
1226 5331 1372 5391 vestram
1395 5331 1606 5393 donationem
1632 5333 1673 5393 de
1696 5336 1772 5410 jure
1793 5333 1957 5406 spectare,

1163 5441 1224 5487 nec
1240 5429 1475 5489 conventuales
1490 5429 1646 5500 existere,
1662 5428 1761 5488 liceat
1773 5427 1869 5488 vobis
1885 5443 1960 5488 cum

1163 5523 1332 5584 evaserint
1352 5524 1387 5583 iu
1409 5524 1556 5601 ejusdem
1571 5525 1766 5586 monasterii
1780 5524 1960 5586 utilitatem

1163 5621 1365 5690 convertere,
1379 5637 1417 5682 ao
1428 5636 1485 5682 eas
1498 5621 1602 5684 libera
1614 5621 1772 5694 retinere,
1785 5621 1958 5695 assignata
