4114 6322
903 310 1077 372 Honorati
1099 311 1143 372 111
1165 308 1312 374 OPERA.

656 473 727 558 XV

294 621 346 684 Ad
359 623 512 696 priorem
528 619 562 680 et
575 621 707 693 fratres
719 625 841 685 Eremt
851 625 892 685 de
907 626 1085 686 Brtcttnls.

552 751 587 808 26
600 751 732 810 novemb.
751 753 830 810 late.

419 871 541 938 [Empolh
552 873 618 924 Ball.
633 873 687 924 ord.
703 876 883 934 Eramitarnm,
899 877 965 940 lta]

293 997 422 1054 Ecclesia
445 997 473 1055 S.
490 999 577 1056 Blasii
599 997 634 1055 da
656 1001 788 1058 Brictinis
807 1007 952 1073 assumpta
972 1009 1015 1058 est
1036 1001 1089 1058 sub

329 1087 504 1158 protectione
520 1089 547 1144 S.
565 1087 650 1156 Petri,
664 1095 692 1144 et
705 1089 741 1145 ab
753 1089 885 1146 omnibus
898 1091 1045 1160 molestiis,
1062 1091 1089 1146 el

328 1175 545 1248 gravaminibus
555 1175 630 1234 bona
647 1175 763 1234 fratrum
776 1177 940 1235 liberantur.

332 1309 1003 1388 Honoriusepiscopus,servusservorum
1015 1312 1086 1383 Dei,

293 1403 423 1468 dilectis
446 1407 525 1468 liliis
551 1408 667 1484 priori,
693 1411 726 1470 et
755 1409 914 1470 iratribus
938 1410 1088 1472 ecclesiae

293 1505 404 1564 Eremi
419 1504 460 1566 de
475 1505 643 1578 Brictinis,
661 1507 800 1568 salutem
817 1508 850 1568 et
863 1507 1088 1584 Apostolicam

292 1599 569 1663 benedictionem.

334 1701 554 1760 sacrosancta
570 1703 720 1762 Romana
735 1700 884 1762 Ecclesia
899 1700 1035 1762 devotos
1055 1699 1089 1762 et

293 1793 436 1856 humiles
449 1811 491 1856 ex
506 1797 649 1859 assuetae
664 1798 797 1876 pietatis
812 1799 922 1860 cilicio
938 1815 1086 1876 propen-

293 1893 363 1954 sius
378 1893 518 1968 diligere
532 1893 718 1966 consuevit,
736 1897 768 1956 et
782 1912 824 1956 ne
839 1911 1017 1974 pravorum
1031 1895 1088 1956 ho·

291 1989 417 2050 minum
443 1989 604 2052 molestiis
633 1991 812 2067 agitentur,
844 2008 902 2053 eos
927 1993 1086 2070 tanquam

292 2086 348 2164 pia
363 2088 470 2148 mater
486 2104 555 2148 suae
571 2089 787 2163 protectionis
803 2089 985 2150 munimine
1001 2105 1086 2150 con-

291 2181 415 2245 fovere.
439 2185 632 2260 Eapropter,
657 2185 770 2248 dilecti
792 2187 826 2246 in
849 2187 988 2250 Domino
1013 2186 1084 2258 filii,

290 2281 411 2342 vestris
424 2281 525 2358 justis
540 2281 817 2358 postulationihus
832 2285 927 2360 grato
943 2299 1087 2346 concur-

291 2379 403 2438 rentes
419 2394 570 2447 assensu,
586 2395 745 2455 personas
761 2383 902 2452 vestras,
926 2383 959 2442 et
975 2381 1085 2442 locum

291 2473 328 2534 in
339 2491 402 2551 quo
417 2475 530 2536 divino
541 2477 621 2536 estis
632 2475 790 2554 obsequio
802 2477 993 2554 mancipati,
1010 2495 1085 2538 cum

292 2571 445 2632 omnihus
459 2571 566 2643 homa,
582 2574 702 2649 quaein
718 2574 970 2650 praesentiarum
981 2577 1086 2636 ratio-

291 2667 449 2740 nabiliter
458 2668 645 2744 possidetis,
657 2671 715 2732 aut
728 2671 764 2730 in
778 2670 924 2732 futurum
937 2671 1085 2734 honestis

292 2764 398 2824 modis
416 2762 530 2842 (dante
546 2765 698 2844 Domino)
715 2768 835 2844 poterit
854 2767 1006 2846 adipisci,
1024 2767 1085 2828 sub

290 2861 1082 2942 heatiPetrietnostraprotectionesuscipimus3

291 2958 482 3036 specialiter
514 2961 625 3020 autem
652 2960 827 3022 ecclesiam
853 2965 886 3022 S.
915 2963 1018 3022 Blasii
1045 2962 1085 3023 de

290 3055 445 3118 Brictiuis
478 3072 553 3116 cum
585 3058 795 3132 pertinentiis
831 3059 914 3130 suis,
951 3075 1086 3136 posses-

291 3153 414 3224 siones,
430 3155 463 3214 et
482 3153 547 3214 alia
568 3153 654 3214 bona
670 3156 791 3226 vestra,
808 3156 895 3216 sicut
916 3171 955 3216 ea
973 3157 1083 3217 omnia

288 3250 387 3325 juste,
400 3265 439 3310 ac
450 3249 586 3325 paciilce
600 3250 785 3326 possidetis,
800 3251 894 3312 vohis
910 3253 942 3313 et
955 3269 1013 3329 per
1025 3269 1084 3314 vos

291 3345 399 3406 eidem
415 3345 565 3408 eeclesiae
585 3351 706 3408 vestrae
724 3349 921 3410 auctoritate
938 3351 1083 3425 Aposto-

290 3442 355 3504 lica
373 3445 617 3517 confirmamus,
640 3447 673 3507 et
692 3447 866 3524 praesentis
886 3448 1002 3524 scripti
1020 3463 1082 3523 pa-

290 3543 433 3603 trocinio
457 3544 709 3604 communimus.
736 3543 828 3604 Nulli
849 3561 928 3620 ergo
948 3545 1083 3606 omnino

291 3637 461 3699 hominurn
476 3639 577 3701 liceat
595 3641 681 3701 hanc
697 3643 851 3717 paginam
867 3643 989 3702 nostrae
1002 3658 1084 3702 con-

290 3735 487 3796 firmationis
502 3737 535 3798 et
547 3739 761 3814 protectionis
777 3737 971 3814 intringere,
986 3739 1037 3802 vel
1052 3740 1083 3799 ei

287 3848 372 3892 ausu
383 3834 558 3894 temerario
572 3835 749 3894 contraire.
765 3835 798 3894 Si
811 3836 884 3910 quis
896 3837 1006 3896 autem
1019 3837 1083 3896 hoc

288 3931 452 3990 attentare
464 3931 722 4005 praesumpserit,
737 3930 998 4006 indignationem
1011 3947 1082 3992 orn-

289 4025 469 4102 nipotentls
484 4027 554 4097 Dei,
573 4029 606 4087 et
620 4027 791 4088 beatorum
811 4029 901 4088 Petri
919 4031 951 4089 et
972 4030 1080 4101 Pauli,

288 4124 511 4200 apostolorum
534 4126 617 4199 ejus,
642 4139 677 4183 se
698 4125 831 4185 noverit
854 4125 1080 4186 incursurum.

288 4221 406 4282 Datum
432 4221 598 4292 Laterani,
628 4223 671 4282 Vl
697 4221 859 4284 kalendas
884 4223 1079 4297 decembris,

288 4333 377 4380 anno
390 4317 576 4379 undecimo.

287 4713 339 4774 Ad
357 4671 569 4788 magistram
589 4713 621 4772 et
640 4712 772 4784 fratres
797 4713 932 4775 inditia>
953 4715 1081 4775 Chrmtt

577 4811 615 4870 te
631 4811 786 4870 licente.

545 4947 579 5003 27
594 4945 726 5002 novemb.
743 4947 822 5005 iiie.

420 5069 609 5134 [Turgenavins,
622 5069 726 5120 hlonim.
741 5071 848 5130 Russlae,
864 5073 882 5130 l,
897 5073 947 5138 la]

286 5197 323 5255 Ut
336 5195 463 5266 recipere
475 5196 585 5266 possint
597 5195 776 5266 peregrinos,
791 5197 838 5266 qui
853 5195 882 5250 in
894 5197 1011 5252 livonia
1028 5213 1079 5269 pro

374 5283 441 5341 lidei
455 5283 660 5356 propagatione
675 5297 825 5372 remancre
839 5283 990 5342 voluerint.

325 5419 502 5490 Honorius,
525 5417 599 5489 ete,
616 5418 775 5494 magistro
790 5419 823 5480 et
840 5417 1000 5480 iratribus
1016 5421 1079 5482 mi-

286 5519 366 5581 litiae
380 5517 502 5579 Christi
516 5517 550 5576 in
562 5516 713 5588 Livonia,
730 5517 792 5577 etc.

326 5615 443 5676 Vestra
469 5617 547 5686 Deo,
573 5615 606 5675 et
626 5611 816 5674 hominibus
840 5614 935 5690 grata
960 5613 1079 5690 religio

1143 485 1203 530 nos
1224 468 1353 531 inducit
1372 469 1418 542 ut,
1436 470 1470 530 in
1492 470 1611 547 quibus
1632 471 1815 532 secundum
1834 472 1938 532 Deum

1143 566 1175 628 et
1185 567 1352 642 justitiam
1365 583 1552 644 possumus,
1567 569 1689 630 vestris
1705 569 1850 644 henigne
1863 585 1939 645 pre-

1143 663 1236 724 cihus
1251 681 1448 726 annuamus.
1470 667 1556 728 Hinc
1575 667 1727 743 estquod
1744 666 1842 727 vobis
1858 681 1939 728 ane-

1142 762 1275 822 toritata
1299 764 1511 838 praesentium
1533 764 1743 838 indulgemus
1761 764 1808 834 ut,
1831 763 1862 824 si
1884 763 1938 840 qui

1143 860 1392 934 peregrinorum
1415 861 1450 922 in
1466 861 1637 922 Livoniam
1658 862 1868 922 venientium
1881 877 1938 937 pro
2032 873 2033 932 l

1144 956 1208 1016 lide
1222 956 1386 1018 catholiea
1401 958 1608 1020 defendenda
1630 959 1665 1019 in
1686 959 1755 1018 illis
1773 957 1936 1035 partibus,
2032 957 2033 970 ¹

1143 1055 1200 1114 aut
1212 1053 1394 1123 dilatanda,
1406 1055 1576 1117 vobiscum
1592 1073 1652 1132 pro
1666 1058 1855 1118 castrorum
1869 1071 1939 1116 ves·

1142 1151 1269 1210 trorum
1283 1153 1444 1224 custodia,
1459 1169 1518 1213 seu
1532 1169 1591 1229 pro
1608 1154 1684 1214 aliis
1697 1153 1848 1214 servitiis
1863 1169 1939 1214 ves-

1143 1247 1203 1308 tris
1216 1249 1332 1325 sponte
1347 1265 1520 1311 remanere
1535 1251 1712 1321 voluerint,
1729 1251 1831 1312 liceat
1843 1251 1936 1312 vobis

1142 1360 1200 1406 eos
1228 1347 1375 1422 quandiu
1399 1347 1440 1408 de
1462 1347 1609 1423 ipsorum
1630 1348 1801 1408 voluntate
1824 1347 1934 1420 suerit,

1143 1442 1247 1504 libere
1276 1445 1432 1506 retinere.
1467 1445 1558 1505 Nulli
1587 1461 1678 1534 ergo,
1703 1446 1780 1516 ete,
1814 1445 1936 1506 nostra

1143 1541 1380 1613 concessionis,
1395 1543 1458 1602 etc.
1474 1541 1607 1618 Siquis,
1624 1543 1687 1603 etc.
1707 1543 1827 1603 Datum
1842 1543 1938 1602 Late·

1142 1638 1229 1710 rani,
1256 1641 1284 1701 V
1312 1637 1473 1700 ltalendas
1498 1639 1695 1712 decembris,
1720 1655 1809 1702 anno
1833 1638 1937 1700 unde·

1143 1751 1239 1798 ormo.

1481 1895 1594 1984 XVII

1340 2047 1391 2108 Ad
1409 2049 1502 2108 cicer
1519 2049 1735 2110 Lubicensem

1402 2177 1437 2234 28
1452 2176 1585 2234 novemb.
1602 2177 1682 2234 late.

1291 2298 1426 2364 [llelrlenb.
1437 2300 1561 2358 erineo,
1574 2301 1595 2358 l,
1606 2300 1662 2358 323,
1675 2314 1702 2350 n.
1717 2299 1785 2364 aaa]

1141 2423 1190 2480 Eia
1203 2421 1321 2480 mandat
1333 2431 1363 2480 ut
1376 2424 1602 2498 crucesignatos,
1611 2439 1684 2496 quos
1702 2423 1738 2481 ad
1750 2431 1865 2496 portum
1880 2425 1932 2482 hu·

1175 2511 1321 2568 bicensem
1336 2512 1435 2570 venire
1449 2514 1612 2585 eontigerit,
1626 2513 1726 2572 sivein
1741 2515 1837 2570 Terre
1849 2515 1931 2570 Sanc·

1175 2607 1211 2656 tae
1231 2599 1400 2691 subsmium,
1426 2602 1486 2658 sive
1499 2609 1596 2656 contra
1614 2616 1744 2674 paganos
1762 2602 1889 2658 livonia
1902 2615 1933 2658 ac

1175 2689 1297 2768 Prussiae
1320 2687 1505 2761 profecturos,
1525 2688 1650 2746 habeant
1668 2689 1838 2762 propensius
1853 2705 1928 2746 com·

1175 2775 1335 2844 mandatos,
1351 2783 1379 2834 et
1405 2791 1543 2849 personas
1558 2785 1643 2850 atque
1661 2793 1707 2835 res
1723 2778 1849 2850 ipsorum
1865 2792 1931 2834 con·

1175 2880 1290 2924 servare
1301 2864 1436 2922 studeant
1451 2865 1564 2922 illaesas.

1155 3010 1161 3034 ¹
1179 2991 1346 3052 Honorius
1357 2991 1668 3068 episcopusservus
1680 3007 1851 3052 servorum
1862 2989 1930 3059 Dei,

1140 3085 1269 3150 dilectis
1286 3087 1364 3148 illlis
1386 3087 1514 3149 civibus
1528 3087 1777 3160 Lubicensibus,
1793 3088 1930 3150 salutem

1139 3185 1172 3246 et
1186 3185 1407 3260 apostolicam
1423 3183 1698 3246 benedictionem.

1180 3282 1248 3342 Etsi
1272 3297 1387 3342 omnes
1413 3283 1635 3356 crucesignati
1656 3281 1859 3356 generaliter
1874 3281 1930 3342 sub

1139 3378 1337 3455 apostolice
1370 3379 1464 3440 Sedis
1499 3379 1705 3456 protectione
1737 3379 1928 3446 consistant.

1141 3476 1331 3554 specialiter
1356 3477 1467 3535 tamen
1493 3476 1764 3552 crucesignatos,
1788 3493 1869 3553 quos
1891 3475 1930 3536 ad

1139 3575 1272 3650 portum
1304 3571 1521 3633 Lubicensem
1557 3572 1787 3649 undecumque
1818 3573 1930 3633 venire

1138 3668 1326 3745 contigerit,
1343 3669 1413 3730 sive
1425 3670 1458 3728 in
1471 3671 1582 3732 Terrae
1590 3671 1720 3730 Sanctae
1735 3669 1928 3740 subsidium,

1139 3767 1209 3826 sive
1233 3767 1348 3827 contra
1375 3781 1522 3842 paganos
1549 3767 1696 3827 Livoniaa
1726 3782 1764 3828 ac
1787 3767 1929 3827 Prussiae

1138 3863 1354 3940 profecturos,
1381 3864 1441 3922 sub
1466 3865 1579 3924 nostra
1599 3863 1632 3924 et
1646 3863 1843 3940 Apostolicae
1867 3865 1928 3924 Se-

1138 3959 1188 4020 dis
1212 3959 1419 4036 protectione
1453 3960 1638 4035 recepimus
1672 3975 1747 4019 cum
1781 3959 1929 4020 omnibus

1138 4057 1233 4118 honis
1260 4057 1384 4116 suiset
1407 4056 1609 4132 specialiter,
1638 4073 1711 4132 quae
1735 4056 1776 4116 ad
1801 4057 1929 4132 portum

1138 4154 1245 4229 ipsum
1267 4153 1415 4214 delerent
1433 4151 1486 4212 vel
1506 4151 1677 4212 deducent.
1705 4151 1846 4229 Ideoque
1862 4153 1930 4212 nnl-

1137 4249 1287 4311 versitati
1303 4251 1422 4310 vestrae
1442 4263 1502 4324 per
1520 4247 1709 4324 Apostolica
1729 4249 1853 4326 scripta
1869 4251 1928 4310 ilr-

1137 4347 1234 4408 miter
1251 4345 1455 4422 injungendo
1470 4345 1677 4417 mandamus
1694 4347 1857 4422 quatenus
1874 4361 1929 4408 eos

1136 4444 1249 4505 divino
1273 4446 1306 4504 et
1327 4444 1441 4504 nostro
1460 4442 1585 4503 intuitu
1607 4441 1768 4504 habentes
1785 4459 1929 4522 propen-

1137 4542 1207 4601 sius
1221 4539 1477 4611 commendatos,
1493 4555 1652 4615 personas
1666 4543 1698 4602 et
1715 4556 1769 4600 res
1783 4541 1930 4617 ipsorum

1136 4653 1336 4699 conservare
1349 4636 1510 4698 studeatis
1525 4637 1660 4708 illaesas,
1676 4653 1741 4698 non
1756 4637 1928 4698 offenden-

1137 4738 1185 4796 tes
1199 4752 1255 4796 eos
1267 4736 1301 4795 in
1317 4734 1468 4811 personis
1484 4735 1542 4795 aut
1555 4733 1666 4804 rebus,
1682 4751 1743 4796 nec
1756 4735 1881 4796 offendi
1896 4737 1928 4796 in

1135 4836 1225 4894 terra
1247 4833 1299 4894 vel
1315 4831 1468 4894 districtu
1489 4831 1601 4892 vestro
1627 4831 1669 4892 ab
1695 4831 1773 4892 aliis
1795 4833 1931 4908 permit-

1134 4931 1253 5001 tentes,
1277 4945 1338 4990 nec
1368 4929 1585 5006 impedientes
1614 4929 1672 4990 aut
1702 4928 1857 5008 impediri
1884 4931 1929 4990 si-

1135 5031 1261 5100 nentes,
1278 5027 1455 5105 quominus
1473 5043 1532 5102 per
1542 5027 1672 5102 portum
1688 5027 1796 5102 ipsum
1813 5041 1928 5088 secure

1133 5127 1306 5187 transeant
1334 5139 1408 5184 cum
1434 5123 1585 5184 omnibus
1611 5123 1706 5183 honis
1737 5123 1822 5194 suis,
1850 5125 1928 5200 quin

1134 5224 1233 5284 immo
1258 5239 1317 5298 pro
1332 5221 1519 5282 reverentia
1534 5223 1613 5281 Jesu
1634 5220 1767 5290 Christi,
1784 5223 1881 5297 eujus
1895 5237 1928 5282 se

1133 5319 1292 5396 obsequio
1323 5317 1565 5393 manciparunt,
1600 5333 1672 5378 eam
1708 5317 1927 5380 humilitatem

1133 5417 1321 5478 exhibeatis
1337 5415 1472 5487 eisdem,
1501 5415 1587 5491 qrrod
1605 5417 1739 5476 aeternae
1754 5417 1925 5489 mercedis,

1133 5531 1231 5592 quam
1274 5529 1334 5590 pro
1372 5512 1562 5590 hujusmodl
1596 5511 1709 5574 labore
1747 5516 1926 5590 promereri

1132 5613 1335 5684 desiderant,
1352 5611 1470 5674 merito
1483 5625 1557 5672 esse
1575 5611 1753 5687 participes
1769 5610 1924 5685 debeatis,

1878 311 1934 370 144
2031 319 2032 334 ¹
