4114 6322
161 338 221 398 105

785 345 1013 408 EPISTOLAE.
1037 349 1115 410 LIB.
1137 349 1178 410 X.
1737 349 1797 412 106

159 501 337 577 novatura
350 500 419 564 sint
439 503 582 576 condita,
610 503 646 566 in
673 504 842 582 publicum
867 523 949 586 pro·
1005 507 1127 570 dicitur
1149 523 1322 585 apparere.
1344 509 1413 570 Nos
1428 509 1532 586 igitur
1545 509 1665 572 vestris
1683 509 1795 586 precl-

160 595 272 667 deant,
286 613 361 658 cum
376 598 409 658 id
424 615 491 660 non
506 601 677 676 patiantur
690 603 836 681 antiqua.
1004 603 1065 666 bus
1088 605 1254 678 inclinati,
1270 607 1557 668 renunciationem
1574 607 1692 684 ipsam.
1708 607 1794 670 sicut

200 694 324 765 «Quia
345 711 425 756 vero
452 713 518 758 non
545 701 595 761 est
613 699 805 762 abbreviata
832 717 950 762 manus
1004 702 1140 778 provide
1168 701 1255 763 lacta
1290 705 1350 774 est,
1381 704 1579 766 auctoritate
1604 705 1796 781 apostolica

158 791 302 862 Domini,
319 793 434 854 utnon
454 795 558 870 possit
574 796 809 859 sublimitatem
832 799 949 860 incur·
1005 799 1248 872 confirmamus,
1259 800 1291 861 et
1298 801 1471 876 praesentis
1482 801 1599 877 scripti
1609 801 1795 878 patrocinio

157 903 239 948 vare
266 888 449 961 bominum,
478 893 512 953 et
538 892 747 954 altitudinem
772 894 949 956 humiliare
1004 897 1256 969 communimus,
1269 897 1450 958 dIstrictius
1463 897 1663 970 inhibentes,
1675 913 1716 959 ne
1731 898 1796 976 ipsi

157 984 317 1057 virorum,
334 1002 424 1047 nnnc
439 1003 514 1048 cum
529 988 675 1051 felicium
690 991 757 1052 tuis
772 993 857 1052 votis
873 1007 951 1053 suc·
1004 992 1155 1054 homines
1170 1009 1228 1055 vos
1243 996 1300 1056 aut
1317 995 1492 1056 ecclesiam
1515 997 1660 1057 vestram
1680 997 1796 1058 contra

156 1097 312 1143 cessuum
319 1083 475 1159 splendor
488 1085 651 1159 illuxerit,
660 1087 694 1148 in
710 1104 829 1150 sereno
844 1089 950 1149 humi·
1003 1089 1289 1150 renunciationem
1304 1090 1455 1151 eamdem
1465 1091 1668 1167 praesumant
1679 1091 1720 1152 de
1730 1107 1798 1153 cae-
1918 1121 1929 1135 =

155 1179 284 1241 litatem
308 1196 375 1241 non
397 1181 546 1254 deseras,
566 1199 664 1260 quam
679 1185 714 1246 in
727 1185 842 1247 nubilo
858 1201 948 1263 prae·
1002 1185 1074 1246 tero
1087 1186 1276 1248 molestare.
1292 1187 1384 1248 Nulli
1402 1203 1493 1263 erg0,
1510 1189 1585 1260 etc,
1601 1189 1687 1248 banc
1701 1188 1798 1264 pagi-

153 1277 326 1339 tendebas.
356 1280 532 1355 Speremus
554 1279 666 1358 itaque
695 1282 780 1358 quod
800 1283 866 1344 viri
880 1285 948 1344 tam
1003 1299 1081 1344 nam
1108 1286 1232 1345 nostrae
1261 1284 1523 1346 confirmationis
1556 1287 1589 1346 et
1621 1284 1798 1346 inhibitio·

155 1373 293 1436 discreti
302 1375 508 1446 memoriam,
520 1393 688 1455 uunquam
704 1379 752 1440 sic
767 1381 950 1466 adesami·
1003 1381 1067 1453 nis,
1095 1383 1158 1442 etc.
1190 1383 1225 1441 Si
1243 1382 1315 1459 quis
1336 1383 1458 1454 autem,
1478 1385 1540 1443 etc.
1563 1383 1680 1444 Datum
1696 1382 1795 1445 Late-

154 1471 325 1534 nationsm
340 1472 479 1536 deducet
500 1473 635 1548 oblivio,
650 1477 686 1536 ut
700 1479 835 1540 omnino
849 1477 885 1538 in
896 1479 949 1539 vi-

153 1569 239 1630 tium
253 1569 502 1645 ingratitudinis
517 1571 653 1640 incidat,
664 1573 750 1650 quod
770 1573 949 1650 reprehen-

155 1665 205 1726 dit
227 1666 263 1726 in
288 1667 424 1736 aemulo,
452 1669 486 1730 et
514 1669 662 1746 culpam,
690 1686 788 1747 quam
813 1671 949 1733 damnat

152 1761 190 1822 in
211 1761 317 1834 hoste,
346 1765 538 1826 committat.
569 1767 644 1828 Non
680 1783 758 1843 ergo
787 1768 948 1830 seducant

153 1861 188 1922 te
213 1875 384 1937 prospera,
415 1877 512 1938 quem
536 1863 737 1926 instruxisse
763 1865 949 1928 debuerunt

154 1957 307 2031 adversa,
331 1969 431 2035 quum
456 1959 557 2021 luerit
582 1961 768 2023 Pharaonis
787 1963 946 2040 pincerna

151 2051 298 2124 notatus,
319 2067 358 2114 eo
387 2051 472 2130 quod
499 2055 751 2118 succedentibus
778 2058 947 2134 prosperis

152 2149 206 2210 sui
222 2150 272 2212 est
286 2149 406 2211 oblitus
417 2151 623 2228 interpretis3
642 2155 675 2214 et
690 2154 747 2215 lex
760 2155 947 2216 nobilitatis

152 2245 188 2308 id
203 2245 334 2318 habeat,
360 2249 397 2309 ut
414 2248 576 2309 nobilium
591 2251 717 2312 mentes
730 2252 864 2312 excelsa
879 2267 947 2312 non

152 2343 295 2416 elevent,
311 2344 345 2405 et
358 2344 473 2406 intima
485 2361 552 2407 non
566 2346 749 2410 demittant
767 2351 943 2425 Quaprop-

151 2442 215 2512 ter,
226 2441 275 2502 flli
288 2442 472 2515 carissime,
484 2443 632 2520 probatis
643 2445 840 2522 Apostolicae
851 2446 946 2508 Sedis

151 2538 338 2612 affectibus,
366 2539 491 2602 nullius
524 2543 691 2618 suggestio
719 2544 752 2604 te
772 2543 944 2620 subducat,

149 2652 225 2714 quas
253 2637 319 2697 nisi
345 2636 551 2699 obstaculum
584 2639 696 2701 nimiae
718 2641 946 2702 indevotionis

150 2733 395 2810 impediat,ate
416 2734 587 2796 dexteram
613 2736 850 2798 beneficiorum
877 2753 945 2798 non

151 2829 334 2902 subtrahet,
352 2831 386 2892 et
399 2831 583 2893 dulcedinis
601 2833 703 2894 ubera
717 2849 783 2895 non
798 2833 944 2895 abscon-

151 2926 218 2999 det,
232 2943 307 2990 cum
316 2929 436 2990 nonsit
449 2929 642 3002 verisimile,
655 2931 740 3008 quod
756 2931 860 2992 animi
874 2931 944 2992 ier-

149 3025 260 3086 venlis
275 3023 429 3088 affectum
450 3026 491 3088 ab
506 3027 564 3088 illo
579 3027 619 3088 de
643 3027 735 3088 facili
749 3028 831 3089 velit
845 3044 945 3089 aver-

150 3121 234 3189 tere,
251 3137 348 3199 quem
372 3123 474 3185 multo
492 3123 606 3186 labore
623 3125 707 3187 fovit
726 3125 943 3202 impuberem,

150 3219 321 3296 multaque
346 3220 572 3282 solllcitudine
594 3221 758 3299 promovit
783 3220 943 3284 adultum.

150 3317 269 3378 Datum
282 3317 449 3379 Laterani.

480 3557 617 3645 CLVII

183 3708 235 3768 Ad
248 3707 404 3770 abbatem
417 3707 452 3770 ct
463 3708 669 3770 concentum
685 3711 720 3771 s.
737 3710 918 3783 Genoocfoe

433 3807 659 3867 Pnrtsiensts.

449 3933 549 4008 Ijunii
564 3935 643 3994 liti.

181 4057 301 4122 [Regest.,
311 4055 356 4108 lib.
368 4057 401 4118 X,
413 4057 487 4122 epist.
498 4058 553 4108 ast.
568 4059 626 4108 Itss.
637 4059 674 4110 La
682 4059 759 4110 Ponte
770 4059 805 4110 du
817 4059 910 4124 Theti]

151 4181 402 4240 denunciationem
415 4181 622 4242 abdominibus
632 4183 942 4256 delloonioquoestioni

185 4285 269 4342 super
289 4281 377 4328 manu
399 4277 510 4330 mortua
530 4271 645 4342 lamam,
667 4273 834 4331 auctoritate
847 4273 940 4346 Apos-

185 4358 269 4416 tolica
282 4359 442 4416 confirmat.

187 4485 292 4548 Justis
321 4486 514 4562 petentium,
537 4487 611 4559 etc,
635 4501 743 4562 aspare
762 4487 938 4564 complere.

146 4585 236 4645 Sane
248 4583 363 4660 petitio
377 4585 488 4644 vestra
511 4583 607 4644 nobis
622 4584 770 4646 exhibita
785 4585 939 4647 continc-

146 4679 311 4757 bat,qucd
335 4696 409 4741 cum
438 4681 592 4742 homines
615 4681 656 4742 de
675 4682 815 4753 Roonio,
839 4681 938 4742 Pari-

148 4777 268 4839 siensis
290 4777 454 4850 dioecesis,
485 4778 700 4854 quaestionem
725 4795 825 4855 super
839 4793 939 4840 manu

146 4876 277 4936 mortua
304 4875 489 4946 intervos,
518 4877 551 4937 et
578 4875 711 4936 eosdem
727 4877 825 4952 longe
849 4879 939 4938 retro

146 4972 350 5049 temporibus
361 4973 519 5048 agitatam
532 4989 572 5034 ac
586 4973 689 5035 clarae
702 4975 871 5034 memoriae
878 4976 940 5034 Lu·

146 5069 936 5148 dovici,etPhilippi,ssliiejus,regumFranciae,

146 5165 346 5228 diffinitione
379 5167 519 5243 sopitam
545 5169 672 5228 temere
707 5169 935 5240 suscitassent,

145 5264 279 5326 tandem
294 5263 336 5324 ad
356 5265 504 5324 animum
520 5264 699 5326 redeuntes
718 5267 937 5327 renuntiave-

145 5362 224 5424 runt
239 5361 372 5422 omnino
383 5361 572 5438 hujusmodi
588 5363 776 5438 quaestioni,
794 5363 827 5424 et
842 5363 937 5424 litte-

145 5459 193 5520 ris
207 5457 393 5536 impetratis
407 5475 427 5520 a
443 5459 526 5520 Sede
541 5459 732 5536 Apostolica
753 5475 854 5538 super
865 5461 935 5532 illa,

1002 1479 1089 1551 rani,
1103 1481 1133 1540 Il
1147 1494 1255 1540 nonas
1274 1479 1375 1557 jumi,
1393 1495 1481 1540 anno
1496 1479 1636 1541 decimo.

1322 1719 1480 1806 CLVIII

1113 1871 1165 1930 Ad
1182 1871 1374 1946 reposcam
1394 1871 1688 1944 archiepiscopum

1269 1969 1524 2042 nuperrimam.

1300 2094 1400 2168 bjuniI
1415 2096 1494 2152 laad.

1133 2199 1312 2266 [Wnrdtweim
1324 2201 1395 2252 Nova
1410 2201 1533 2258 subsidit,
1549 2203 1591 2259 lv,
1608 2201 1674 2267 tsa.]

1000 2324 1035 2384 Ei
1062 2325 1180 2383 mandat
1201 2333 1232 2383 ut
1256 2327 1284 2382 in
1309 2327 1494 2383 ecclesiarum
1515 2327 1658 2398 prelatos,
1674 2327 1791 2384 canoni·

1035 2427 1096 2484 cos,
1125 2421 1193 2482 etc„
1215 2413 1348 2472 dloecesis
1371 2414 1596 2473 warmaciensis
1621 2416 1791 2472 sententiam

1035 2501 1716 2574 excommunicationisusqueadsetislactIoncm
1727 2519 1793 2561 con·

1036 2588 1154 2662 dignam
1167 2590 1251 2648 iaciat
1262 2591 1461 2648 inviolabiliter
1475 2589 1633 2649 observant.

1041 2727 1219 2799 Honorius,
1232 2729 1307 2801 etc,
1320 2727 1504 2790 venerabili
1517 2725 1650 2789 fratri...
1663 2727 1791 2788 archie-

1000 2832 1135 2909 piscopo
1151 2833 1357 2909 Maguntino,
1372 2834 1525 2906 salutem,
1543 2835 1605 2894 etc.

1040 2931 1089 2990 Ex
1103 2931 1197 3006 parte
1211 2933 1268 2992 tua
1278 2929 1342 2992 luit
1355 2943 1467 2991 coram
1483 2929 1792 3006 nobisexposltum,

1000 3025 1086 3103 quod
1105 3029 1153 3099 tu,
1171 3025 1290 3088 cicuta
1309 3027 1404 3087 nobis
1419 3028 1454 3087 in
1469 3025 1635 3088 mandatis
1650 3042 1795 3103 accepe-

999 3140 1067 3193 ras,
1084 3124 1125 3185 ad
1140 3125 1423 3185 warmaciensem
1443 3123 1604 3194 accedens
1619 3125 1795 3186 ecclesiam

1000 3221 1218 3282 ecclesiarum
1245 3221 1411 3298 praelatos,
1447 3221 1626 3281 canonicos
1652 3223 1685 3282 et
1710 3221 1795 3281 alios

1000 3318 1139 3380 clericos
1154 3318 1299 3381 civitatis
1315 3319 1348 3379 et
1363 3317 1517 3380 dioecesis
1531 3318 1795 3379 warmaciensis

999 3433 1061 3478 nec
1086 3433 1154 3478 non
1174 3418 1274 3489 cives,
1304 3417 1468 3478 vassallos
1493 3420 1526 3477 et
1540 3415 1673 3480 Judacos
1692 3418 1793 3478 etiam

999 3514 1168 3575 monueris
1194 3513 1385 3589 diligenter,
1415 3513 1452 3574 ut
1475 3527 1588 3589 usque
1606 3513 1649 3573 ad
1673 3512 1794 3574 festum

999 3610 1265 3672 Resurrectionis
1282 3609 1463 3670 Dominicae
1478 3610 1631 3686 proxime
1642 3610 1796 3687 praeteri-

997 3709 1068 3770 tum
1081 3708 1116 3768 in
1128 3707 1220 3768 mille
1235 3708 1402 3769 sexcentis
1414 3707 1447 3768 et
1460 3706 1580 3782 viginti
1588 3707 1710 3769 marcis
1723 3709 1794 3770 col-

997 3805 1140 3882 ligendis
1162 3821 1182 3866 a
1203 3807 1237 3867 te
1251 3805 1460 3882 computatis,
1479 3805 1514 3864 in
1537 3805 1620 3882 ipsis
1644 3805 1792 3882 quadra·

873 3915 874 3919 ’
997 3903 1099 3978 gintis
1111 3901 1290 3978 cttriginta
1302 3903 1424 3964 marcis
1429 3905 1499 3980 jam
1508 3903 1666 3976 collectis,
1684 3903 1792 3964 eidem

990 4001 1148 4062 ecclesiae
1168 3999 1384 4063 subvenirent
1399 4015 1457 4076 pro
1477 4000 1642 4062 solutione
1662 4001 1792 4062 debito-

996 4113 1081 4169 rum,
1104 4095 1223 4176 quibus
1238 4099 1288 4159 est
1307 4097 1485 4173 plurimum
1500 4100 1692 4174 aggravata,
1713 4097 1790 4174 ipsi,

997 4195 1060 4256 boc
1075 4195 1185 4256 lacere
1200 4195 1460 4266 contemnentes,
1474 4193 1507 4255 in
1521 4211 1636 4255 vocem
1647 4194 1792 4270 appella-

995 4292 1097 4352 tionis
1113 4291 1305 4354 frustatorie
1320 4292 1554 4368 proruperunt,
1572 4306 1670 4368 quam
1685 4292 1720 4352 tu
1735 4305 1791 4352 re-

996 4391 1116 4465 putans
1131 4389 1284 4449 frivolam
1313 4389 1347 4450 et
1368 4389 1503 4448 inanem
1523 4388 1559 4447 in
1580 4401 1640 4448 cos
1654 4403 1792 4448 excom·

995 4486 1230 4548 municationis
1257 4485 1455 4546 sententiam
1470 4485 1697 4562 promulgasti·
1725 4485 1788 4546 Sed

994 4583 1145 4660 praedicti
1170 4583 1300 4660 praelati
1324 4585 1357 4644 et
1382 4582 1495 4644 clerici
1522 4583 1721 4645 sententiam
1736 4583 1791 4660 ip·

995 4697 1065 4742 sam
1087 4681 1302 4758 pertinaciter
1320 4683 1579 4753 contemnentes,
1596 4695 1790 4742 excommu-

994 4779 1096 4840 nicati
1115 4779 1410 4840 excommunicatis
1440 4781 1643 4855 praesumant
1674 4777 1787 4840 divina

994 4875 1104 4937 olflcia
1124 4876 1303 4946 celebrare,
1319 4876 1355 4935 in
1366 4875 1553 4936 animarum
1571 4891 1706 4937 suarum
1722 4893 1784 4953 pe-

993 4974 1134 5034 riculum
1150 4973 1182 5034 et
1205 4972 1399 5032 scandalum
1415 4973 1643 5049 plurimorum.
1658 4975 1708 5035 Ne
1721 4975 1788 5050 igi-

992 5072 1047 5132 tur
1058 5070 1108 5130 illi
1122 5069 1163 5130 de
1174 5085 1234 5130 sua
1248 5070 1383 5132 valeant
1406 5071 1613 5131 contumacia
1633 5071 1784 5146 gloriari,

993 5167 1193 5230 fraternitati
1231 5167 1298 5230 tuae
1338 5183 1397 5244 per
1433 5167 1622 5243 apostolica
1661 5169 1786 5246 scripta

993 5265 1199 5337 mandamus,
1223 5267 1385 5343 quatenus
1409 5265 1529 5326 dictam
1554 5267 1785 5326 excommuni-

992 5363 1133 5426 cationis
1148 5362 1357 5434 sententiam,
1377 5361 1464 5422 sicut
1478 5361 1722 5423 rationabiliter
1734 5363 1785 5425 est

992 5459 1290 5539 prolata,faciasad
1301 5457 1560 5520 satisfactionem
1572 5458 1780 5534 condignam,

145 5557 198 5618 vel
213 5555 314 5618 etiam
333 5555 374 5617 de
389 5558 509 5619 eaetero
532 5557 761 5634 impetrandis,
778 5558 865 5620 sicut
878 5573 938 5634 per
992 5555 1187 5619 auctoritate
1200 5554 1325 5622 nostra,
1342 5553 1472 5615 sublato
1486 5553 1717 5630 appellationis
1728 5553 1783 5615 ob-

147 5653 339 5718 authentica
355 5653 478 5732 scripta
497 5669 598 5732 super
619 5655 682 5716 hoc
703 5653 790 5718 iacta
805 5655 936 5732 plenius
991 5653 1130 5726 stacido,
1144 5649 1384 5714 inviolabiliter
1405 5649 1586 5723 observari,
1602 5653 1635 5712 et
1655 5649 1683 5712 si
1697 5649 1781 5716 torte
