4114 6322
951 320 1127 384 HONORII
1148 321 1194 382 111
1215 321 1363 383 OPERA.
1927 325 1988 385 1⁴20

337 324 396 386 llo

333 481 532 559 emptorium
558 481 784 560 praedgentes,
812 496 877 560 quo
905 497 967 559 per
992 497 1047 556 se,
1074 481 1128 544 rel
1183 479 1267 553 sent,
1284 479 1319 542 in
1338 477 1610 555 contradictores,
1626 483 1660 545 et
1679 481 1821 546 rebelles
1834 499 1988 548 excom-

332 582 566 658 procuratores
591 579 727 641 idoneos
748 595 822 641 cnm
838 579 990 642 omnibus
1013 581 1127 640 muni·
1185 578 1421 640 municationis
1437 579 1634 642 sententiam
1650 581 1859 658 proterendo.

332 678 453 740 mentis
475 679 509 738 et
526 677 711 739 rationibus
732 679 802 738 suis
826 680 1042 754 compareant
1067 691 1127 738 co·
1222 677 1335 737 Dictus
1355 677 1466 737 tamen
1482 677 1655 754 episcopus
1671 679 1841 754 sagiensis
1861 695 1989 740 eorum

333 790 406 836 ram
430 774 536 845 nobie,
559 777 697 852 justam,
722 777 858 837 auctore
882 778 962 846 Deo,
988 776 1126 836 senten·
1181 773 1345 834 sententia
1374 788 1494 849 parere
1522 777 1748 848 contemnens,
1773 777 1816 847 et,
1847 779 1989 837 armata

331 872 413 934 tiam
425 873 619 949 recepturae.
638 873 730 944 Quod
746 875 775 933 si
799 889 866 934 non
879 887 994 934 omnes
1007 871 1061 932 his
1071 887 1128 934 ex·
1181 883 1282 929 manu
1296 869 1456 946 quosdam
1469 869 1533 932 sibi
1547 869 1589 930 ab
1612 871 1695 947 ipsis
1706 871 1877 948 jndicibus
1891 887 1988 934 exe-

332 969 510 1045 sequendis
532 970 694 1031 interesse
715 970 879 1046 poteritis,
898 969 964 1032 duo
980 969 1126 1031 vestrum

333 1081 374 1128 ea
387 1065 606 1128 nibilominus
631 1069 867 1144 exsequantur.
889 1067 1008 1128 Datum
1023 1066 1125 1128 Late·

329 1163 417 1236 rani,
435 1165 598 1226 ivnonas
614 1165 703 1242 julii,
727 1164 971 1226 nonodecimo.

642 1456 815 1544 CLXXII

333 1617 386 1676 Ad
407 1615 562 1676 abbatem
581 1617 699 1678 Sancti
721 1617 886 1688 audoeni,
905 1618 1073 1677 decanum
1092 1615 1127 1676 31

369 1713 578 1788 sncptstrum
598 1717 824 1788 Rodtdpbum,
847 1715 1126 1776 archidiaconum

370 1810 688 1886 Rotlzomopcnsem.

630 1948 723 2022 ajulii
745 1949 822 2008 1225.

373 2079 493 2143 [negest.,
504 2077 550 2130 lib.
562 2079 593 2139 X,
604 2079 678 2144 epist.
689 2079 744 2129 311.
755 2081 812 2130 llas.
824 2081 861 2131 La
872 2080 947 2130 Porto
957 2080 991 2130 dn
999 2079 1093 2147 Thell]

328 2212 382 2268 Dat
396 2212 438 2268 eis
451 2211 627 2283 provinciam
643 2211 776 2270 audiendi
788 2213 908 2272 denovo
922 2228 1051 2284 causam,
1061 2229 1124 2287 que

363 2300 437 2356 inter
451 2299 617 2372 episcopum
631 2301 799 2374 sagiensem
815 2301 850 2358 ab
863 2317 931 2372 uua,
944 2310 972 2360 et
988 2304 1034 2372 Η.,
1046 2305 1121 2376 prio·

362 2401 423 2444 rem
438 2389 620 2462 sagiensem,
639 2389 674 2446 ab
695 2391 782 2448 altera
798 2397 888 2463 parte,
907 2390 1078 2462 vertebatur,
1095 2399 1124 2450 et

362 2473 438 2548 quod
452 2477 622 2534 canonicum
638 2477 731 2534 visum
747 2476 829 2535 luerit
842 2477 1055 2552 pronuntiandi.

367 2620 535 2682 Honorius
545 2620 731 2698 episcopus,
742 2638 858 2686 servus
869 2622 1120 2696 sorvorumDai,

329 2715 459 2778 dilectis
492 2717 610 2780 liliis...
646 2717 757 2780 abbati
790 2720 905 2781 sancti
932 2721 1121 2782 Audoeni...

327 2811 455 2874 decano
479 2814 513 2875 ot
527 2815 686 2890 magistro
713 2816 864 2888 Rodullo,
885 2817 1122 2880 archidiacono

329 2911 600 2988 Rothomagensi,
617 2912 759 2974 salutem
773 2915 807 2976 et
820 2913 1043 2992 Apostolicam
1058 2914 1121 2977 be·

327 3007 561 3070 sedictionem.

246 3115 248 3120 ·
368 3105 563 3166 constitutis
581 3105 667 3182 apud
684 3105 801 3168 sedem
824 3107 1049 3184 apostolicam
1065 3107 1120 3169 di-

330 3198 427 3262 lectis
443 3201 522 3262 tiliis
541 3203 595 3272 Η.,
616 3202 672 3278 qui
696 3219 756 3278 pro
772 3204 924 3278 sagiensi
949 3205 1062 3280 priore
1085 3221 1121 3266 se

326 3297 424 3372 gerit,
451 3299 520 3359 et...
546 3299 755 3374 procuratori
780 3299 983 3361 venerabilis
1007 3300 1121 3362 fratris

326 3393 471 3454 nostri...
493 3395 640 3472 episcopi
655 3395 825 3471 sagiensis
842 3397 999 3459 dilectum
1014 3398 1120 3459 illium

326 3490 522 3566 magistrum
542 3492 738 3564 Rolandum,
756 3493 996 3556 subdiaconum
1013 3496 1046 3556 et
1060 3511 1120 3557 ca·

327 3588 497 3664 pallarum
511 3590 671 3662 nostrum,
684 3591 911 3652 concessimus
922 3592 1117 3665 auditorem,

326 3699 438 3746 coram
452 3702 517 3763 quo
531 3685 620 3748 idem
634 3689 675 3748 Η.
690 3688 862 3764 proposuit
874 3689 1117 3766 conquerendo,

325 3782 499 3860 quodcum
514 3783 594 3844 olim
607 3785 722 3846 contra
734 3785 843 3860 ipsum
858 3785 1049 3862 episcopum
1061 3803 1120 3848 su-

325 3894 386 3956 per
411 3879 608 3955 quibusdam
636 3881 788 3942 articulis
822 3881 864 3942 ad
894 3881 1119 3944 venerabilem

326 3973 464 4036 tratrem
498 3977 684 4037 nostrum...
713 3977 997 4040 constantiensem
1025 3980 1118 4056 epis·

326 4087 456 4149 copum,
472 4089 616 4151 suosque
630 4073 775 4150 collegas
789 4074 829 4135 de
842 4090 982 4136 assensu
996 4093 1119 4154 procu·

324 4171 447 4232 ratoris
461 4174 490 4247 ej
496 4171 610 4232 usdem
621 4171 768 4248 episcopi
783 4171 952 4248 sagiensis
961 4174 1119 4248 quasdam

324 4283 344 4328 a
358 4267 452 4329 nobis
463 4268 591 4330 litteras
604 4268 824 4345 impetrasset,
841 4269 928 4330 idem
945 4270 1116 4346 sagiensis

325 4379 400 4426 eum
412 4381 474 4426 nec
486 4366 685 4438 convictum,
702 4381 764 4427 nec
779 4366 977 4438 contessum,
988 4369 1020 4429 ot
1033 4367 1118 4429 31133

321 4463 411 4539 jnris
427 4463 544 4524 ordine
565 4479 631 4525 non
643 4465 785 4536 servato,
803 4465 952 4541 prioratu
966 4465 1118 4527 ecclesiae

328 4557 510 4632 sagiensis,
526 4573 623 4634 quem
638 4560 798 4620 canonice
811 4560 919 4622 tuerat
933 4561 1115 4632 assecutus,

322 4657 358 4716 et
383 4653 440 4714 diu
466 4655 576 4731 quiete
595 4654 789 4731 possederat
817 4659 932 4718 contra
950 4658 1117 4733 justitiam

323 4751 489 4828 spoliavit,
505 4751 740 4828 propterquod
755 4752 842 4812 idem
865 4752 906 4814 ad
930 4769 990 4814 nos
1004 4755 1119 4830 appel·

323 4847 397 4908 lans
408 4848 449 4908 ad
462 4847 624 4910 decanum
639 4851 921 4910 Cenomanensem
938 4851 971 4910 31
996 4853 1116 4927 conju·

323 4944 415 5007 dices
431 4959 509 5004 suos
525 4959 624 5020 super
639 4945 702 5006 hoc
717 4946 757 5006 de
772 4945 878 5022 ipsius
894 4946 1040 5023 episcopi
1056 4949 1118 5008 sa-

1181 965 1312 1027 cutores
1322 966 1495 1044 deputatos
1505 967 1686 1042 expellens,
1695 969 1987 1046 ad...episcopum

1181 1063 1433 1136 Lexoviansem,
1454 1064 1488 1126 et
1512 1064 1673 1140 collegam
1701 1081 1798 1126 suum
1814 1067 1988 1144 quasdam

1181 1161 1297 1222 contra
1310 1161 1418 1238 ipsum
1431 1161 1493 1222 sub
1506 1163 1595 1223 certa
1611 1161 1728 1234 forma,
1741 1163 1820 1225 licet
1832 1179 1892 1240 per
1905 1165 1988 1226 veri

1181 1259 1449 1334 suppressionem
1465 1259 1498 1320 31
1517 1258 1593 1320 13131
1606 1259 1864 1336 suggestionem,
1883 1261 1988 1322 litte-

1180 1369 1236 1414 ras
1262 1355 1463 1432 impetravit,
1480 1371 1591 1418 coram
1613 1356 1732 1432 quibus
1754 1357 1832 1420 licet
1856 1357 1986 1419 luisset

1180 1450 1375 1528 aliquandiu
1390 1468 1409 1512 3
1423 1451 1572 1529 partibus
1583 1452 1747 1528 litigatum
1762 1454 1804 1514 ad
1817 1453 1981 1515 31113333

1179 1549 1290 1610 tamen
1305 1548 1393 1609 idem
1419 1550 1459 1609 H.
1483 1549 1623 1610 consilio
1652 1549 1732 1610 dicti
1756 1551 1984 1612 lexoviensis
2039 1545 2040 1556 ³

1180 1645 1340 1722 episcopi,
1358 1646 1391 1707 et
1402 1645 1544 1706 aliorum
1559 1646 1741 1708 amicorum
1756 1646 1862 1724 ipsius
1881 1649 1984 1725 epis-

1179 1742 1254 1818 copi
1279 1742 1448 1817 sagiensis
1473 1741 1638 1815 inductus,
1663 1743 1697 1804 et
1721 1743 1860 1805 credens
1884 1744 1981 1822 quod

1179 1839 1313 1916 propter
1327 1839 1401 1911 hoc,
1413 1839 1500 1902 sicut
1513 1839 1704 1912 eidabatur,
1717 1840 1861 1916 intelligi
1874 1841 1983 1902 debe-

1178 1937 1229 1997 ret
1243 1935 1307 1996 sibi
1322 1951 1402 1996 suus
1422 1936 1556 1998 restitui
1571 1937 1748 2014 prioratus,
1764 1953 1802 1999 se
1821 1939 1980 2015 praestito

1174 2034 1376 2110 juramento,
1390 2049 1457 2094 non
1471 2035 1582 2095 tamen
1593 2034 1740 2096 adbibita
1759 2034 1979 2097 solemnitate

1178 2131 1444 2206 Evangeliorum,
1460 2131 1517 2192 sed
1532 2131 1580 2192 sic
1595 2133 1682 2193 Deus
1704 2132 1812 2209 ipsum
1827 2132 1976 2209 adjuva-

1177 2229 1240 2297 ret,
1256 2227 1410 2290 submisit
1423 2228 1562 2290 arbitrio
1577 2229 1656 2291 dicti
1667 2230 1815 2306 episcopi
1830 2229 1980 2304 sagien-

1178 2325 1225 2386 sis
1239 2325 1407 2402 tamquam
1423 2341 1517 2403 aquo
1541 2325 1680 2388 arbitrio
1706 2325 1788 2388 boni
1813 2325 1887 2394 viri,
1912 2325 1977 2402 qui

1178 2438 1252 2483 cum
1278 2421 1412 2484 deberet
1438 2421 1561 2484 bonum
1587 2424 1620 2484 et
1640 2439 1773 2500 aequum
1795 2421 1976 2484 arbitrium

1177 2519 1399 2596 promulgare,
1416 2535 1455 2580 33
1469 2520 1578 2597 ipsum
1593 2521 1771 2582 restituere
1786 2519 1827 2581 ad
1838 2520 1977 2596 priora-

1177 2617 1246 2677 tum
1261 2631 1368 2688 suum,
1388 2615 1474 2678 sicut
1494 2615 1602 2678 luerat
1616 2616 1810 2690 indicatum,
1835 2619 1868 2678 et
1881 2615 1972 2677 sicut

1176 2713 1369 2791 priusquam
1384 2729 1445 2774 suo
1462 2713 1601 2774 arbitrio
1616 2713 1823 2776 submitteret
1836 2713 1972 2791 publice

1176 2810 1358 2884 dicebatur,
1387 2811 1496 2888 ipsum
1522 2809 1562 2871 de
1592 2810 1697 2883 facto,
1723 2827 1798 2872 cum
1826 2811 1973 2887 dejure

1176 2922 1243 2968 non
1260 2907 1382 2984 posset,
1400 2907 1551 2984 prioratu
1578 2908 1612 2968 et
1641 2923 1723 2968 voce
1751 2907 1889 2986 capituli
1918 2907 1975 2967 sui

1175 3004 1312 3080 privans
1327 3004 1392 3065 sibi
1407 3003 1558 3066 ccclesiae
1582 3019 1623 3066 ac
1638 3004 1783 3066 civitatis
1799 3005 1974 3081 sagiensis

1175 3101 1349 3164 interdixit
1360 3101 1558 3177 ingressum.

1214 3197 1307 3269 Quod
1320 3197 1471 3274 iniquum
1486 3197 1672 3271 arbitrium,
1689 3213 1764 3259 cum
1779 3198 1867 3260 idem
1878 3199 1974 3276 epis-

1175 3308 1277 3370 copus
1290 3294 1462 3356 humiliter
1471 3295 1651 3372 requisitus
1664 3296 1829 3360 noluisset
1843 3297 1973 3373 aliqua·

1175 3392 1272 3452 tenus
1287 3405 1458 3465 revocare,
1472 3392 1529 3454 sed
1542 3391 1660 3453 luisset
1673 3395 1705 3455 31
1721 3394 1805 3454 31133
1819 3395 1973 3470 graviter

1174 3489 1404 3562 comminatus,
1426 3490 1513 3552 idem
1534 3490 1576 3552 ad
1601 3491 1719 3552 sedem
1744 3491 1972 3568 apostolicam

1174 3586 1365 3664 appellavit.
1383 3587 1477 3648 Unde
1486 3585 1618 3664 petebat
1632 3589 1745 3650 uttam
1756 3588 1871 3666 iniquo
1882 3587 1974 3648 arbi·

1173 3683 1238 3745 trio
1258 3684 1390 3761 penitus
1419 3685 1584 3758 revocato,
1611 3687 1666 3748 vel
1692 3685 1787 3748 irrito
1814 3686 1969 3748 nuntiato

1175 3781 1375 3843 sententiam
1397 3781 1477 3844 dicti
1506 3781 1623 3844 decani
1647 3783 1917 3854 Cenomanensis,
1935 3783 1973 3844 et

1173 3877 1385 3954 conjudicum
1405 3893 1540 3940 suorum
1555 3879 1739 3941 faceremus
1755 3880 1894 3942 tirmiter
1906 3879 1971 3940 ob-

1173 3975 1311 4048 servari,
1329 3977 1362 4037 et
1376 3977 1485 4037 amoto
1501 3975 1541 4037 de
1559 3976 1710 4054 prioratu
1737 3992 1797 4038 suo
1820 3975 1971 4054 quolibet

1172 4072 1354 4144 detentore,
1375 4072 1559 4134 laceremus
1587 4090 1661 4135 eam
1676 4074 1810 4136 effectui
1838 4073 1971 4136 manci-

1173 4169 1257 4244 pari,
1275 4169 1532 4231 condemnantes
1560 4171 1623 4231 sibi
1636 4172 1759 4232 dictum
1774 4171 1969 4248 episcopum

1174 4265 1216 4325 ad
1237 4265 1488 4328 resarciendum
1501 4267 1565 4327 sibi
1580 4283 1745 4344 expensas
1774 4273 1806 4330 et
1830 4269 1967 4338 damna,

1173 4377 1246 4440 quae
1265 4363 1454 4425 incurrerat
1468 4363 1530 4424 hac
1553 4363 1593 4424 de
1621 4379 1736 4437 causa,
1753 4379 1826 4440 qum
1851 4364 1969 4426 omnia

1172 4460 1263 4520 mille
1282 4459 1385 4521 libras
1410 4461 1679 4537 proveniensium
1701 4460 1896 4522 aestimabat.
1915 4461 1968 4521 Ad

1172 4557 1258 4633 quod
1271 4555 1334 4618 luit
1347 4572 1390 4618 ex
1404 4558 1545 4619 adverso
1560 4573 1767 4634 responsum,
1788 4557 1874 4635 quod
1890 4573 1968 4618 cum

1171 4653 1259 4714 idem
1287 4655 1462 4731 episcopus
1489 4655 1660 4731 sagiensis
1680 4654 1804 4716 dictum
1831 4657 1871 4716 H.
1897 4670 1968 4716 non

1172 4750 1358 4827 spoliasset,
1375 4751 1432 4812 sed
1448 4753 1583 4828 propter
1609 4752 1819 4814 manifestam
1841 4751 1965 4812 inobe-

1171 4847 1341 4919 dientiam,
1351 4850 1383 4909 et
1393 4863 1584 4924 gravamen,
1595 4851 1805 4910 etenormem
1815 4849 1969 4910 diffama-

1171 4943 1294 5023 tionem
1318 4945 1506 5014 criminum,
1531 4961 1604 5022 quae
1619 4946 1661 5006 ad
1684 4947 1792 5023 ipsum
1807 4948 1966 5023 tanquam

323 5042 451 5119 giensis
480 5041 706 5118 procuratoris
730 5057 882 5112 assensu,
909 5043 1116 5119 apostolicas
1171 5039 1212 5100 ad
1227 5057 1323 5102 suum
1340 5041 1542 5118 episcopum.
1560 5044 1593 5104 et
1607 5043 1771 5112 abbatem.
1786 5043 1968 5106 61001100-

323 5139 452 5200 litteras
463 5137 666 5214 impetravit,
674 5138 742 5214 qui,
753 5137 841 5206 licet,
853 5139 996 5214 cognitis
1007 5155 1116 5201 causae
1170 5137 1276 5198 torem
1290 5139 1392 5200 totius
1406 5139 1488 5200 cleri
1505 5139 1677 5215 sagiensis
1692 5140 1806 5202 datum
1832 5157 1852 5202 a
1867 5139 1965 5202 nobis

321 5235 462 5306 meritis,
473 5233 597 5296 dictum
610 5233 801 5310 episcopum
809 5234 1002 5309 sagiensem
1012 5236 1054 5296 ad
1068 5235 1116 5296 in·
1170 5238 1392 5310 pervenerant
1407 5235 1447 5296 de
1462 5237 1577 5298 eodem
1592 5237 1773 5300 amovisset
1787 5236 1829 5299 ab
1853 5237 1966 5300 3111313

321 5332 449 5408 tegnam
462 5331 707 5392 restitutionem
723 5331 890 5406 prioratus
914 5347 988 5392 cum
1008 5333 1118 5394 omni·
1171 5331 1349 5406 prioratus,
1360 5347 1427 5394 333
1437 5334 1601 5410 tamjuris
1614 5336 1788 5410 angustias
1802 5349 1902 5412 quam
1914 5351 1968 5396 re·

320 5429 383 5492 bus
396 5427 568 5500 fructibus,
584 5429 618 5490 31
631 5428 673 5488 ad
688 5427 852 5490 interesse
866 5429 899 5490 et
911 5427 1032 5492 damna
1043 5445 1116 5506 quae
1170 5426 1304 5502 gulares
1319 5427 1548 5492 observantias
1571 5431 1605 5490 in
1621 5430 1685 5492 bac
1706 5433 1801 5508 parte
1817 5433 1964 5506 secutus,

321 5526 511 5590 incurrerat
525 5525 701 5588 occasione
722 5525 899 5588 amotionis
913 5527 1019 5602 ipsius
1034 5542 1115 5588 sen·
1170 5523 1257 5586 idem
1270 5527 1311 5586 H.
1327 5525 1369 5588 ad
1381 5527 1614 5604 appellationis
1637 5528 1812 5608 diffugium
1831 5545 1868 5591 se
1883 5546 1967 5592 con-

320 5625 514 5695 tentialitor,
541 5622 707 5686 mediante
726 5623 869 5701 justitia,
898 5623 1118 5688 condemnas·
1170 5623 1572 5696 vertens,etasserensse
1587 5626 1965 5704 contrajustitiamspo·
