4174 6324
347 363 388 424 οὔ
957 359 1134 422 ΗΟΝΟΗΙΙ
1154 359 1202 422 111
1222 361 1372 424 OPERA.
1938 365 1980 424 so

344 539 431 584 unus
452 523 588 599 spiritus
607 521 651 582 sit
664 535 740 582 cum
756 523 817 582 eol
837 519 904 582 unt
917 521 1082 597 quomodo
1104 520 1136 582 ei
1188 519 1286 582 hrum
1302 521 1489 592 statuenda,
1501 525 1708 600 cumpraeter
1722 524 1789 585 alia
1803 523 1977 596 miracola,

343 621 535 695 obsequium
557 619 744 694 denegabit,
759 617 815 694 qui
836 617 899 676 sibi
918 617 1135 694 obsequenti-

344 715 405 775 bus
416 716 496 774 daus
509 715 660 786 virtutes,
669 717 759 774 tanta
772 715 908 790 praemia
919 714 1092 789 elargitur,
1101 717 1136 774 ut

343 811 490 870 haeredes
514 812 647 886 quidem
663 811 805 880 homini,
819 811 1010 871 cohaeredes
1026 815 1135 872 autem

343 907 466 968 Christi
482 909 593 968 allecti
611 909 727 984 gloriae
748 909 842 981 regni
869 909 1025 979 ccelesiis,
1052 909 1137 968 insi-

342 1005 421 1078 gnia
437 1021 575 1080 qumque
604 1006 747 1065 feliciter
767 1005 963 1076 obtinentes,
985 1007 1136 1066 miracu-

342 1101 411 1162 loso
427 1103 617 1162 revelentur
629 1104 662 1162 in
676 1103 787 1173 terris,
802 1107 834 1162 et
853 1103 1011 1180 quidquid
1026 1105 1135 1179 petie-

342 1199 421 1269 rint,
459 1199 517 1260 ilat
548 1199 879 1260 eistConlundantur
902 1216 983 1274 ergo
1014 1201 1134 1272 Judaei,

341 1295 587 1356 confundantur
600 1297 761 1368 haeretici,
783 1297 982 1358 erubescant
995 1299 1133 1374 pagani,

342 1393 375 1452 et
387 1397 578 1468 peccatores
592 1395 631 1454 ad
644 1395 870 1470 poenitentiam
887 1397 1135 1468 convertantur,

343 1487 421 1549 dum
435 1489 531 1550 fldem
549 1492 582 1550 in
608 1492 738 1552 Christo
752 1492 959 1552 credentium
975 1495 1067 1552 tanta
1082 1508 1138 1553 re-

1190 635 1264 696 quae
1292 620 1426 694 longum
1454 625 1539 681 esset
1565 637 1625 696 per
1648 621 1777 696 singula
1805 637 1976 689 enarrare,

1190 716 1401 791 sepulchrum
1420 723 1491 792 eius
1514 719 1579 777 olei
1604 717 1751 778 ubertate
1771 719 1974 794 pinguescat,

1191 828 1255 887 quo
1268 813 1348 887 aegri
1365 829 1462 890 quarn
1476 816 1586 889 plures
1602 815 1729 873 inuncti
1754 829 1774 873 a
1788 815 1859 872 suis
1873 813 1972 873 inllr-

1192 910 1362 970 mitatibus
1375 915 1452 970 suut
1466 911 1584 980 sanati,
1598 913 1631 971 et
1645 911 1730 986 quod
1746 913 1875 970 nonest
1890 926 1976 986 prae-

1191 1008 1388 1067 tereundum
1412 1008 1557 1077 silentio,
1580 1011 1647 1067 tres
1666 1011 1812 1068 mortuos
1835 1007 1974 1066 mirifice

1192 1105 1372 1174 suscitarit,
1400 1107 1433 1164 et
1465 1105 1609 1180 quinque
1636 1121 1741 1164 caecos
1770 1105 1973 1174 illuminans,

1192 1201 1249 1260 uni
1266 1217 1309 1261 ex
1322 1203 1382 1270 eis,
1397 1201 1453 1277 qui
1465 1202 1498 1260 in
1510 1203 1619 1261 duello
1631 1202 1779 1260 devictus
1791 1203 1823 1262 et
1835 1200 1979 1276 undique

1192 1297 1442 1370 damnificatus,
1467 1315 1541 1358 cum
1572 1298 1614 1357 ad
1642 1297 1853 1374 sepulchrum
1876 1297 1980 1374 ipsius

1192 1397 1299 1456 sancti
1319 1395 1479 1455 clamaret
1497 1397 1670 1465 instanter,
1688 1397 1721 1454 et
1734 1395 1859 1470 peteret
1876 1393 1983 1454 coufl-

1192 1492 1318 1562 denter,
1335 1493 1372 1552 ut
1387 1493 1418 1552 ei
1433 1492 1548 1551 oculos
1571 1493 1770 1557 restitueret,
1786 1491 1903 1567 quibus
1924 1491 1981 1549 in·

343 1588 515 1648 munerari
530 1589 692 1648 donorum
718 1589 928 1664 conspiciunt
945 1589 1136 1664 largitione,
1187 1591 1278 1665 juste
1302 1589 1411 1664 ipsum
1435 1588 1560 1648 sciehat
1580 1588 1742 1656 orbatum,
1765 1588 1849 1647 alios
1866 1587 1981 1647 oculos

382 1685 469 1744 Sane
480 1685 680 1746 venerabilis
694 1685 798 1745 irater
813 1689 926 1746 noster
945 1686 1136 1761 archiepis-

341 1795 456 1856 copus,
480 1783 513 1842 et
536 1782 648 1842 dilecti
677 1782 737 1841 titii
764 1781 923 1854 decanus,
945 1785 978 1844 et
1003 1785 1137 1858 capitu-

342 1877 411 1937 lum
435 1877 645 1940 Eboracense
683 1877 770 1954 apud
806 1895 870 1940 nos
904 1895 965 1954 per
994 1879 1135 1949 litteras,

341 1975 377 2035 et
406 1989 466 2050 per
487 1977 664 2049 magistros
694 1979 732 2034 G.
767 1975 1072 2050 poenitentiarium,
1106 1979 1139 2036 et

342 2071 474 2131 Heliam
509 2072 670 2131 Bernardi
701 2071 960 2142 Eboracensem,
990 2075 1023 2132 et
1050 2074 1140 2132 Lau-

343 2167 490 2228 rentium
516 2167 782 2242 aquilegensem,
810 2169 989 2228 canonicos
1017 2185 1139 2244 oppor-

342 2263 434 2334 tune,
449 2265 637 2340 importune
650 2265 775 2340 pluries
786 2265 953 2336 insistere,
965 2267 1000 2326 ut
1015 2267 1137 2326 sanctae

344 2362 513 2422 memoriae
529 2361 755 2432 wilhelmum,
772 2362 938 2437 quondam
950 2363 1139 2438 archiepis-

345 2473 475 2533 copum,
506 2459 592 2518 sicut
615 2474 658 2518 ex
689 2458 940 2518 multorumfide
963 2459 1137 2534 dignorum

342 2555 544 2616 testimoniis
573 2555 765 2630 apparebat,
787 2556 881 2614 tauta
910 2555 1002 2614 fulsit
1029 2555 1138 2630 gratia

344 2653 549 2722 meritorum,
566 2651 652 2727 quod
683 2652 786 2712 multa
809 2667 869 2726 per
883 2667 959 2710 eum
980 2652 1137 2712 Dominus

345 2747 499 2822 dignatus
522 2751 573 2807 est
587 2748 732 2822 gloriosa
755 2748 917 2808 miracula
941 2749 1084 2824 operari,
1105 2751 1138 2809 et

345 2847 421 2921 post
433 2845 604 2906 decessum
619 2845 724 2921 ipsius
735 2861 855 2921 corpus
866 2848 939 2921 ejus
951 2845 1054 2905 mullo
1064 2845 1138 2922 plu·

344 2940 438 3000 ribus
451 2940 542 3001 dedit
556 2940 764 3000 mirabilibus
784 2956 971 3012 coruscare,
983 2941 1137 3015 catalogo

344 3039 535 3098 sanctorum
548 3037 813 3098 adscriberemus
828 3039 864 3098 in
880 3038 1028 3098 Ecclesia
1044 3037 1137 3097 mili-

347 3135 443 3200 tanti,
453 3151 527 3194 cum
539 3135 854 3204 nonessetduhium‚
868 3135 1015 3209 ipsumiu
1025 3135 1139 3193 trium·

345 3229 461 3305 phanti
487 3246 507 3290 a
533 3231 672 3290 Domino
708 3231 939 3305 multipliciter
966 3229 1136 3290 honorari.

343 3328 467 3386 Verum
487 3327 566 3387 licet
591 3326 688 3386 tidem
709 3327 907 3386 testimoniis
930 3326 1137 3394 adhibentes,

344 3423 378 3483 et
392 3423 487 3484 lamae
494 3424 621 3500 jugiter
637 3424 677 3484 de
692 3424 764 3500 ipso
778 3423 942 3484 crescenti
958 3423 1139 3483 credulita-

342 3521 409 3580 tem
424 3520 559 3580 minime
579 3521 792 3596 denegantes,
813 3519 957 3580 libenter
977 3520 1138 3580 vellemus

342 3631 492 3677 annuere
515 3617 669 3692 precibus
693 3618 950 3694 supplicantium
968 3633 976 3690 ;
993 3617 1138 3692 quiata-

344 3727 421 3772 men
436 3712 549 3774 intans
576 3713 702 3784 sancto,
732 3715 765 3774 et
784 3714 897 3774 divino
917 3715 1050 3790 negotio
1068 3730 1135 3774 non

343 3809 428 3879 erat,
445 3810 511 3870 nisi
535 3825 609 3870 cum
638 3810 828 3870 maturitate
856 3811 999 3886 plurima
1014 3826 1135 3885 proce-

344 3903 499 3971 dendum,
509 3907 633 3980 pluries
648 3921 708 3981 per
718 3907 809 3964 viros
824 3905 946 3965 electos
960 3907 1027 3966 tam
1038 3922 1138 3981 super

341 4000 1138 4078 vitaquamsupermiraculissanctipraedictiin·

344 4097 557 4172 quisitionem
573 4098 645 4158 lieri
666 4097 803 4158 lecimus
823 4099 1014 4173 diligentem
1031 4121 1040 4174 ;
1062 4114 1137 4159 cum

341 4195 404 4256 etsi
417 4195 458 4256 ad
472 4195 656 4256 sanctitatis
671 4195 882 4254 existentiam
898 4195 1042 4256 sufficiat
1058 4211 1137 4270 per-

343 4291 662 4362 lectiocaritatis,ad
673 4292 896 4352 ostensionem
907 4293 1018 4352 tamen
1029 4293 1135 4368 ipsius

343 4389 580 4450 miraculorum
589 4389 751 4450 exhibitio
763 4390 928 4465 exigatur,
942 4389 1090 4466 eoquod,
1105 4390 1137 4450 et

1193 1700 1296 1744 novos
1322 1684 1503 1744 reddiderit
1528 1683 1672 1742 mirabili
1694 1684 1851 1753 novitate,
1872 1683 1981 1758 ipsum

1191 1781 1232 1841 de
1247 1781 1415 1842 communi
1428 1781 1566 1841 tranum
1585 1783 1783 1849 nostrorum,
1797 1781 1829 1839 et
1838 1779 1982 1840 aliorum

1191 1879 1416 1955 prelatorum,
1432 1877 1488 1954 qui
1505 1881 1686 1954 praesentes
1706 1877 1811 1948 erant,
1827 1877 1978 1947 consilio,

1192 1976 1440 2052 adscripsimus,
1454 1975 1507 2035 rel
1519 1976 1627 2051 potius
1639 1974 1840 2049 adscriptum
1854 1973 1980 2033 denun-

1192 2071 1356 2130 ciavimus
1371 2075 1561 2131 sanctorum
1577 2071 1727 2144 catalogo
1742 2069 1980 2138 consessorum,

1193 2169 1385 2239 statuentes,
1400 2171 1437 2229 nt
1460 2169 1495 2228 in
1510 2167 1739 2228 anniversario
1761 2170 1834 2242 ejus
1846 2181 1980 2226 annua-

1192 2266 1249 2326 tim
1264 2265 1382 2326 lestum
1399 2265 1593 2324 solemniter
1606 2263 1801 2324 celebretur.

1232 2365 1347 2437 Igitur,
1362 2367 1398 2424 ut
1412 2365 1511 2423 tantae
1525 2362 1642 2436 gratiae
1657 2364 1779 2435 gratos,
1799 2361 1885 2420 sicut
1899 2375 1983 2419 con-

1192 2460 1293 2528 venit,
1310 2475 1368 2518 ros
1383 2459 1540 2526 reddatis
1559 2457 1808 2518 universitatem
1833 2457 1979 2516 vestram

1193 2569 1365 2613 monemus
1378 2555 1410 2613 et
1423 2554 1595 2613 hortamur
1611 2553 1745 2619 attente,
1762 2567 1821 2627 per
1835 2555 1980 2627 Aposto-

1192 2649 1258 2709 lica
1291 2649 1385 2709 robis
1425 2650 1548 2724 scripta
1581 2649 1790 2718 mandantes,
1820 2649 1981 2724 quatenus

1192 2745 1340 2822 ejusdem
1354 2747 1461 2806 sancti
1481 2746 1611 2816 testum,
1625 2747 1659 2806 et
1673 2745 1865 2805 memoriam
1879 2760 1983 2804 rene-

1192 2845 1323 2904 ratione
1337 2843 1446 2904 debita
1458 2843 1642 2904 recolentes
1655 2843 1760 2918 ipsius
1775 2841 1861 2917 apud
1875 2845 1979 2901 Deum

1192 2941 1351 3001 virtutum
1360 2940 1531 3014 suffragia,
1544 2955 1603 3015 pro
1613 2939 1759 3008 robis,et
1770 2939 1848 2998 aliis
1859 2937 1982 2997 Christi

1193 3037 1345 3097 fidelihus
1369 3035 1569 3096 fiducialiter
1586 3035 1780 3112 imploretis.
1802 3036 1871 3094 Nos
1893 3035 1982 3094 enim

1192 3133 1233 3193 de
1256 3134 1366 3208 gratia
1385 3133 1509 3205 diuina,
1525 3135 1558 3194 et
1581 3132 1729 3208 praedicti
1747 3131 1853 3191 sancti
1872 3131 1981 3190 meri-

1191 3231 1235 3290 tis
1248 3230 1461 3300 confideutes,
1477 3229 1631 3290 omnihus
1643 3228 1684 3288 ad
1705 3229 1880 3288 ecclesiam
1892 3227 1981 3287 Eho·

1192 3341 1363 3386 racensem
1387 3327 1517 3386 infesto
1544 3329 1617 3402 ejus
1642 3326 1761 3384 devote
1775 3325 1983 3384 convenien-

1191 3423 1299 3494 tibus,
1325 3423 1545 3500 quadraginta
1571 3421 1643 3482 dies
1668 3421 1709 3482 de
1738 3421 1885 3497 iniuncta
1918 3421 1983 3480 sibi

1192 3521 1385 3596 poenitentia
1409 3519 1668 3580 misericorditer
1688 3519 1889 3579 relaxamus·
1916 3521 1984 3577 Da-

1191 3618 1260 3677 tum
1273 3617 1439 3688 Laterani,
1454 3618 1512 3676 XV
1527 3615 1688 3676 kalendas
1698 3615 1826 3692 aprilis,
1840 3613 1982 3691 pontili-

1192 3715 1285 3775 catus
1302 3713 1406 3774 nostri
1421 3728 1510 3774 auno
1523 3713 1662 3773 decimo.

1535 3961 1636 4046 cxx

1263 4113 1314 4171 Ad
1326 4113 1493 4170 decoimm
1520 4111 1751 4183 etcopilutum
1767 4111 1916 4171 ecclesiae

1340 4209 1446 4268 beutce
1459 4209 1585 4266 Marica
1601 4210 1835 4268 Tornuccusis.

1475 4337 1510 4393 22
1519 4337 1611 4394 martii
1623 4336 1701 4393 me.

1372 4458 1493 4522 [Mirans
1510 4459 1591 4522 Opera
1605 4457 1681 4522 dipl„
1697 4457 1740 4516 lll,
1757 4457 1810 4522 Ἀ]

344 4486 495 4544 nonnulli
504 4487 668 4561 justitiam
684 4501 778 4546 suam
795 4487 931 4557 iaciunt,
944 4503 1056 4547 coram
1070 4486 1135 4546 ho-

343 4580 544 4652 minibus,ut
553 4581 730 4641 videantur
740 4582 889 4653 abeis,et
898 4599 1135 4659 nonnunquam
1191 4581 1348 4639 bisentium
1362 4581 1544 4638 confirmata
1568 4580 1713 4654 Stephano
1737 4580 1882 4653 quondam
1901 4581 1981 4652 epis-

343 4675 495 4736 diabolus
511 4691 546 4736 se
561 4676 595 4735 in
614 4677 699 4736 lucis
721 4675 876 4751 angelum
891 4679 1136 4753 transfigurans
1226 4683 1299 4742 ⁰⁰l>⁰
1325 4671 1500 4747 T⁰t¹1⁸00¹¹³i
1521 4668 1628 4738 000010,
1650 4676 1681 4726 ¹¹1
1701 4668 1809 4726 tructus
1831 4669 1985 4741 ⁰¹¹it¹³d⁸¹1¹

345 4772 457 4834 illudit
466 4773 997 4834 hominihusiraudulenter.Unde
1005 4791 1080 4834 cum
1089 4775 1137 4836 iu·
1226 4757 1386 4830 00000000
1407 4758 1436 4812 00
1450 4771 1619 4856 0000000οῗ0
1633 4755 1761 4828 ‘illddem
1786 4758 1984 4815 0001000100·

344 4868 521 4944 quisitores
537 4871 685 4945 praedicti
693 4869 835 4945 receptis
844 4885 944 4946 super
953 4869 1006 4930 his
1019 4877 1137 4946 quam·
1226 4853 1640 4918 1³⁰⁰S⁸⁸⁰⁰⁰V⁹¹⁸⁰ffit³⁰⁸⁸¹¹¹²·

343 4964 644 5042 pluribustestibus
659 4967 723 5026 lide
736 4967 858 5040 dignis,
875 4969 908 5027 et
922 4967 1133 5040 examinatis,
1230 4970 1397 5030 Honorius
1405 4969 1590 5046 episcopus,
1601 4985 1717 5030 servus
1726 4985 1899 5031 servorum
1910 4973 1984 5044 Dei,

344 5063 430 5124 sicut
466 5061 628 5138 oportuit,
665 5063 857 5136 diligenter,
897 5064 992 5124 nohis
1028 5065 1136 5140 ipsius
1191 5065 1323 5128 dilectis
1343 5067 1422 5126 liliis
1449 5065 1575 5126 decano
1602 5067 1635 5126 et
1662 5065 1808 5141 capitulo
1831 5067 1986 5130 ecelesiae

343 5159 451 5220 sancti
468 5159 687 5220 sanctissimae
702 5157 780 5218 vitae
794 5159 956 5230 ordinem,
973 5161 1006 5220 et
1020 5160 1134 5231 multa,
1190 5163 1296 5224 heatae
1317 5163 1432 5222 Mariae
1445 5161 1677 5232 Tornacensis,
1692 5163 1988 5240 salutemetApos-

344 5255 511 5329 etmagna
535 5255 708 5326 miracula,
726 5253 846 5330 quihus
869 5257 944 5330 post
964 5255 1136 5317 decessum
1190 5259 1325 5320 tolicam
1338 5257 1613 5318 benedictionem.

343 5353 428 5428 ejus,
444 5350 552 5426 ipsum
570 5351 728 5411 Dominus
750 5351 927 5426 magnifico
942 5351 1134 5425 illustravit,
1231 5357 1345 5416 Cuma
1368 5355 1462 5414 nobis
1478 5355 1600 5432 petitur
1623 5353 1709 5431 quod
1727 5357 1854 5432 justum
1879 5359 1930 5418 est
1954 5361 1989 5421 et

342 5449 442 5526 plene
456 5461 496 5507 ac
511 5447 608 5523 plane
620 5447 761 5508 fideliter
772 5448 976 5520 retulissent,
991 5465 1051 5510 nos
1065 5466 1137 5526 pro·
1191 5453 1379 5522 honestum,
1396 5453 1462 5512 tam
1484 5452 1580 5526 vigor
1594 5454 1759 5528 aequitatis
1778 5471 1876 5530 quam
1901 5457 1986 5518 ordo

342 5543 1137 5622 videatteudentes,quodnouerattantalucer-
1192 5549 1298 5624 exigit
1323 5549 1473 5620 rationis,
1504 5550 1540 5608 ut
1569 5549 1603 5608 id
1632 5565 1693 5626 per
1723 5549 1985 5614 sollicitudinem

344 5658 386 5704 na
402 5641 554 5720 ponenda
570 5641 630 5703 suh
650 5642 771 5714 modio,
789 5643 844 5705 sed
860 5657 961 5719 super
975 5643 1135 5706 candela·
1192 5645 1293 5707 oflicii
1308 5645 1413 5706 nostri
1436 5644 1477 5706 ad
1493 5643 1636 5707 debitum
1652 5645 1854 5721 perducatur
1879 5647 1986 5712 ellec-
