4114 6322
328 360 388 422 155

327 517 771 582 interdictostermluossine
782 515 1121 582 communiconsensu

327 635 395 680 nou
411 619 501 679 flant.
517 616 551 677 Si
567 607 623 693 qui
638 631 718 678 vero
736 616 813 678 suut
828 615 976 686 Selenes,
993 613 1046 674 vel
1062 612 1120 674 alii

326 716 415 777 intra
428 714 755 776 marchiamceusum
770 713 928 790 magistro
943 711 1119 774 reddentes

326 814 368 874 ad
382 827 589 874 communem
605 811 783 873 utilitatem
798 810 1021 888 respondeant
1033 809 1120 869 civi-

326 911 398 982 tati,
411 910 532 981 insula,
547 926 620 988 quae
634 909 811 972 Osmesaba
823 907 957 976 dicitur,
970 907 1120 968 ecclesiae

326 1009 457 1070 Sanctae
473 1009 588 1068 Mariae
604 1008 735 1083 integre
759 1007 942 1068 reservata.
961 1005 996 1066 Si
1010 1006 1119 1066 autem

324 1106 414 1166 inira
429 1105 550 1168 dictam
566 1105 749 1166 marchiam
762 1105 864 1166 alicui
876 1103 1038 1164 dubitatio
1053 1101 1120 1163 iue-

327 1204 383 1276 rit,
399 1204 509 1264 utrum
524 1204 568 1265 sit
586 1201 679 1264 locus
693 1203 752 1264 ille
777 1203 884 1264 cultus
895 1201 947 1264 vel
963 1200 1117 1272 incultus,

326 1299 508 1364 etubisunt
518 1300 784 1372 arbores,utrum
795 1299 942 1374 sintagri
952 1298 1006 1359 vel
1017 1297 1119 1373 sylvae

324 1399 472 1470 incultae,
489 1414 528 1460 ac
541 1397 581 1460 de
608 1398 802 1474 gurgustiis,
820 1398 929 1458 utrum
954 1396 1022 1456 sint
1033 1410 1119 1456 nova

325 1497 515 1567 velvetera,
540 1495 603 1556 boc
626 1497 730 1558 totum
754 1495 855 1556 trium
863 1495 1051 1571 juratorum
1066 1493 1119 1554 ci-

324 1594 417 1656 vium
441 1592 579 1654 arbitrio
604 1592 812 1660 terminetur,
841 1591 898 1670 qui
915 1591 1120 1666 eligantura

326 1691 497 1768 praedictis
510 1690 678 1767 episcope,
696 1689 876 1766 praeposito
891 1689 925 1750 et
947 1687 1117 1763 magistro.

324 1788 455 1864 Adjecit
467 1787 568 1848 etiam
582 1787 711 1862 legatus
727 1786 916 1863 praedictus,
927 1786 964 1846 ut
978 1785 1119 1860 singulis

324 1885 446 1948 vestris
457 1883 650 1946 concivibus
663 1885 703 1944 de
714 1884 839 1944 inculta
855 1882 1005 1944 marchia
1020 1881 1120 1943 liceat

324 1982 435 2044 colore
446 1983 607 2059 quantum
623 1981 750 2052 volunt,
768 1981 814 2042 ita
828 1979 914 2057 quod
930 1980 1004 2040 octo
1019 1978 1119 2040 annis

943 353 1119 416 HONORII
1141 353 1187 414 111
1208 353 1356 416 oPuRe.

1507 521 1634 608 XXVI

1275 671 1327 732 Ad
1348 673 1544 746 episcopum
1566 674 1870 733 coenomanensem.

1435 813 1469 870 is
1483 811 1612 868 decemb.
1626 811 1706 870 tiit.

1191 933 1311 1000 [Regest.,
1328 934 1374 988 lib.
1385 935 1429 994 Xi,
1442 935 1517 1000 epist.
1530 935 1585 984 tto.
1599 935 1655 984 Mes.
1672 936 1709 985 La
1719 935 1796 984 Porto
1811 934 1847 984 du
1861 934 1952 998 Thell]

1210 1057 1328 1118 Abbatis
1338 1067 1366 1117 et
1376 1067 1534 1118 conventus
1549 1061 1659 1117 Sanctae
1667 1060 1764 1118 biariae
1776 1060 1922 1117 blesensis

1387 1149 1503 1206 tutelam
1519 1150 1546 1204 ei
1561 1147 1753 1205 commendet.

1214 1265 1394 1336 Honorius,
1418 1267 1492 1336 etc,
1509 1263 1693 1326 venerabili
1720 1263 1856 1326 tratri...
1879 1266 1965 1340 epis-

1175 1377 1256 1439 copo
1269 1361 1521 1434 cenomanensi,
1538 1361 1679 1424 salutem
1696 1363 1729 1423 et
1743 1361 1963 1440 apostolicam
1986 1374 1991 1380 ·

1174 1458 1450 1522 benedictionem.

1213 1559 1264 1618 Ex
1282 1557 1376 1634 parte
1398 1555 1594 1620 dilectorum
1621 1555 1803 1619 tiliorum...
1827 1555 1960 1628 abbatis,

1174 1653 1207 1716 et
1221 1657 1403 1716 conventus
1419 1655 1570 1716 ecclesiae
1582 1653 1687 1716 beatae
1697 1653 1813 1714 Mariae
1829 1655 1961 1714 Blesen-

1175 1753 1221 1812 sis
1236 1753 1359 1813 nostris
1369 1753 1420 1814 est
1430 1751 1566 1813 auribus
1579 1752 1778 1824 intimatum,
1794 1751 1960 1828 quodcum

1174 1849 1254 1910 olim
1280 1849 1413 1927 quidam
1445 1849 1594 1925 ejusdem
1625 1849 1776 1910 ecclesiae
1801 1848 1959 1920 canonici,

1174 1947 1354 2022 instigante
1377 1947 1515 2008 humaui
1538 1946 1673 2022 generis
1694 1946 1844 2015 inimico,
1871 1945 1959 2006 bonae

324 2079 455 2156 integre
470 2095 510 2141 ac
525 2079 629 2139 libere
645 2079 831 2154 percipiant
845 2078 922 2138 iude
937 2077 1075 2146 tructus,
1087 2076 1120 2138 et
1174 2044 1381 2154 {nem0si‚ae···
1398 2043 1550 2104 abbatem
1564 2043 1711 2119 eju³d⁰m
1725 2043 1790 2104 ¹⁰⁰¹
1815 2043 1959 2152 ”equitis

324 2177 533 2254 Postmodum
557 2176 598 2236 ad
616 2191 824 2236 communem
851 2191 947 2235 usum
969 2174 1117 2245 redeant,
1173 2141 1317 2202 1nteriicr
1354 2142 1599 2250 procurassent,
1631 2144 1669 2250 tu
1696 2157 1735 2202 ac
1765 2140 1958 2250 venerabilis

325 2275 355 2334 si
369 2273 507 2350 possunt
517 2289 590 2334 esse
601 2273 817 2348 bonapascua
831 2273 901 2334 sive
912 2271 1118 2349 prata.Quod
1173 2237 1293 2300 iratres
1315 2239 1457 2300 nostri...
1474 2239 1690 2300 carnotensis
1705 2239 1775 2300 et...
1806 2238 1957 2298 Aurelia-

325 2371 355 2432 si
367 2387 442 2432 esse
456 2371 679 2447 nequiverint,
694 2370 751 2430 sed
761 2369 835 2446 agri
847 2371 967 2448 potius,
979 2370 1120 2430 reddant

325 2484 462 2530 censum
486 2469 608 2530 exinde
623 2469 761 2530 civitati.
793 2469 828 2529 si
843 2483 922 2529 vero
937 2467 1116 2538 dubitetur,

323 2567 436 2628 utrum
465 2581 590 2643 pascua
613 2581 687 2627 esse
715 2565 855 2642 possint,
879 2564 933 2628 vel
960 2564 989 2626 si
1007 2563 1118 2641 plures

324 2662 439 2724 forsan
454 2663 703 2734 contenderent,
717 2663 753 2724 iu
775 2662 890 2724 eodem
910 2663 1021 2724 colere
1044 2661 1118 2722 loco

324 2761 486 2832 volentes,
503 2760 736 2836 praedictorum
762 2760 863 2822 trium
887 2759 1011 2821 civium
1028 2757 1120 2820 arbi-

326 2857 612 2942 trioterminetur.
635 2859 681 2920 De
697 2873 798 2934 supra
824 2857 912 2918 dicta
931 2872 1012 2920 vero
1028 2871 1120 2918 mar-

324 2954 538 3031 chiainteger
552 2971 689 3018 mansus
707 2955 865 3032 hospitali
882 2955 995 3016 Sancti
1012 2954 1119 3031 Spiri-

323 3053 389 3124 tus,
401 3053 595 3129 etpouterio
619 3053 660 3114 de
682 3053 872 3129 Rodeupois
888 3052 1044 3114 dimidius
1060 3066 1120 3114 eo-

325 3149 586 3212 rumdemtrium
596 3150 720 3210 civium
733 3149 873 3212 arbitrio
893 3149 1116 3224 assignentur,

326 3245 384 3322 qui
397 3245 426 3306 si
436 3245 561 3308 tuerint
577 3247 610 3306 iu
635 3246 820 3322 praemissis
835 3247 1032 3323 quandoque
1045 3245 1117 3306 dis-

324 3342 452 3414 cordes,
469 3342 611 3404 duorum
621 3341 797 3404 arbitrium
817 3343 1020 3404 observetur.
1038 3344 1118 3404 Cum
1168 3308 1315 3386 Jusmodi
1330 3308 1412 3368 ³d0⁰
1434 3323 1495 3368 ⁰01¹

322 3440 434 3502 autem
446 3441 600 3502 concives
623 3441 726 3502 vestri
748 3440 789 3502 ob
811 3441 987 3517 praedictas
999 3456 1118 3502 causas

323 3537 559 3610 laboraverint,
586 3537 628 3598 ab
651 3538 715 3611 his,
748 3554 888 3615 quorum
915 3537 1116 3610 interfuerit,

325 3650 491 3712 expensas
503 3634 669 3711 recipiant
694 3636 893 3698 moderatas.
917 3635 1008 3707 Quod
1029 3635 1118 3696 onim

326 3731 367 3794 de
382 3731 519 3794 fornace
531 3731 573 3792 ad
586 3748 668 3810 opus
680 3733 822 3794 laterum
838 3733 897 3796 ‘est
911 3732 1116 3810 proedictum,

322 3828 353 3890 si
368 3828 408 3890 de
423 3829 497 3890 loco
518 3829 620 3891 fuerit
644 3830 810 3892 contentio
824 3830 911 3892 inter
926 3829 1049 3906 plures,
1065 3829 1118 3891 vel

323 3926 411 4002 quod
443 3941 511 3986 non
546 3926 700 3988 videatur
728 3925 869 3988 iorsitau
898 3927 1117 4002 opportunus,

324 4037 414 4098 saepe
426 4021 591 4084 dictorum
601 4022 703 4084 trium
710 4023 834 4084 civium
851 4023 1016 4084 sententia
1029 4023 1120 4084 deci-

324 4117 433 4190 datur,
449 4119 547 4195 prout
564 4119 739 4195 praemissa
755 4120 867 4180 omnia
880 4120 915 4180 in
925 4120 1047 4182 litteris
1062 4137 1120 4182 su·

324 4215 575 4294 pradictilegati
587 4216 710 4278 exinde
719 4215 879 4279 coniectis
889 4218 1118 4296 perspeximus

324 4312 456 4390 plenius
480 4313 655 4376 contineri.

365 4410 494 4473 Vestris
515 4411 628 4488 itaque
642 4411 941 4488 supplicationibus
954 4411 1116 4484 inclinati,

326 4506 413 4582 quod
431 4521 490 4582 per
503 4507 653 4570 eumdem
669 4507 813 4584 legatum
829 4524 928 4586 super
940 4509 993 4570 his
1003 4509 1067 4570 rite
1079 4524 1118 4570 ac

326 4602 464 4680 provide
491 4605 601 4666 actum
624 4605 685 4675 est,
707 4605 904 4668 auctoritate
929 4605 1118 4682 apostolica

325 4698 560 4762 confirmamus
572 4701 787 4777 etpraeseutis
800 4701 917 4778 scripti
932 4702 1117 4778 patrocinio

324 4797 575 4858 communimus.
590 4797 681 4858 Nulli
694 4813 785 4875 ergo,
802 4799 865 4862 eto.
882 4800 1001 4860 Datum
1012 4801 1116 4862 Late-

325 4891 413 4964 rani,
430 4893 476 4954 111
490 4893 565 4954 idus
589 4895 785 4965 decembris,
801 4896 1014 4975 pontificatus
1033 4913 1118 4960 nos-

326 4989 471 5054 trienno
487 4989 672 5054 undecimo.

1174 2335 1287 2396 nensis
1307 2335 1507 2414 episcopide
1523 2334 1677 2398 mandato
1704 2335 1799 2395 Sedis
1823 2337 1957 2412 Aposto-

1173 2431 1247 2493 licae
1271 2449 1371 2510 super
1392 2433 1583 2509 hujusmodi
1607 2433 1796 2509 perpetrata
1819 2431 1957 2508 nequitia

1172 2531 1313 2591 veritate
1344 2529 1538 2605 diligentius
1567 2530 1736 2607 inquisita,
1770 2529 1804 2590 et
1837 2529 1957 2606 plenius

1173 2627 1354 2699 intellecta,
1369 2627 1529 2704 quosdam
1543 2643 1586 2688 ex
1601 2627 1683 2703 ipsis
1703 2643 1722 2687 a
1738 2626 1809 2687 suis
1833 2626 1955 2688 ordini-

1173 2723 1234 2785 bus
1250 2725 1457 2800 degradatos
1481 2724 1558 2784 aliis
1573 2739 1632 2800 per
1654 2723 1850 2785 saecularem
1872 2723 1956 2800 judi·

1173 2837 1244 2883 cem
1259 2821 1476 2898 interemptis,
1492 2820 1621 2900 abipso
1637 2821 1840 2882 monasterio
1853 2835 1957 2897 perpe-

1172 2921 1229 2981 tuo
1245 2919 1429 2982 amovistis.
1447 2921 1556 2990 Quare
1581 2917 1683 2980 iidem
1698 2918 1811 2990 abbas,
1830 2921 1863 2980 et
1885 2934 1956 2979 con·

1172 3017 1291 3080 ventus
1318 3015 1455 3077 anobis
1482 3015 1654 3077 humiliter
1681 3015 1900 3094 postulabant,
1925 3015 1956 3075 ut

1173 3131 1248 3175 cum
1274 3113 1526 3174 malefactorum
1546 3113 1693 3190 ipsorum
1722 3112 1953 3188 consanguinei

1173 3213 1206 3273 et
1228 3211 1339 3282 amici,
1356 3213 1389 3273 et
1401 3210 1612 3288 quamplures
1634 3210 1693 3270 alii
1711 3211 1884 3271 occasione
1898 3209 1953 3268 hu-

1497 3309 1548 3368 tra
1564 3307 1654 3384 ipsos
1681 3309 1714 3369 et
1729 3323 1843 3369 eorum
1859 3306 1955 3367 eccle-

1173 3405 1257 3466 siam
1267 3405 1465 3467 iuiiammati
1481 3405 1637 3482 nequitiae
1653 3405 1773 3482 spiritu
1788 3405 1856 3466 sint
1870 3419 1954 3464 com·

1172 3504 1264 3575 moti,
1281 3502 1367 3580 quod
1392 3503 1474 3579 ipsis
1502 3501 1788 3578 interemptionem
1805 3515 1955 3580 persena-

1173 3616 1258 3672 rum,
1286 3599 1319 3660 et
1346 3599 1605 3661 destructionem
1631 3599 1793 3660 bonorum
1829 3611 1953 3660 suorum

1174 3697 1304 3774 publice
1332 3697 1585 3769 comminentur,
1618 3695 1793 3773 providere
1828 3695 1900 3766 sibi,
1927 3693 1955 3753 et
2031 3725 2032 3730 κ

1174 3809 1288 3856 eorum
1318 3793 1468 3856 ecclesiae
1497 3809 1598 3871 super
1625 3791 1678 3854 his
1706 3791 1955 3856 misericorditer
2031 3781 2032 3804 ³

1174 3891 1399 3968 dignaremur.
1415 3892 1495 3952 Cum
1516 3891 1679 3968 igiturex
1698 3891 1849 3968 injuncto
1868 3886 1954 3950 nobis
2031 3893 2032 3896 ’

1174 3987 1386 4064 apostolatus
1415 3987 1524 4050 ostiolo
1553 3993 1728 4050 teneamur
1744 3987 1909 4056 ecclesias,
1927 3983 1955 4042 et

1173 4101 1333 4162 personas
1360 4085 1621 4158 ecclesiasticae,
1653 4100 1691 4146 ac
1717 4083 1803 4146 bona
1831 4097 1952 4150 earum,

1174 4183 1333 4260 quantum
1344 4197 1418 4242 cum
1430 4183 1498 4244 Deo
1511 4185 1544 4244 et
1557 4183 1731 4244 honestate
1746 4191 1953 4260 possumus,a

1172 4294 1351 4358 pravorum
1366 4279 1555 4340 incursibus
1570 4279 1755 4353 defensare,
1778 4275 1953 4340 fraternita-

1172 4377 1239 4438 tem
1253 4377 1344 4437 tuam
1355 4375 1553 4437 monendam
1574 4377 1730 4438 duximus
1745 4377 1909 4440 attentius,
1925 4371 1953 4430 et

1173 4473 1370 4536 hortandam
1386 4489 1445 4550 per
1458 4475 1650 4552 Apostolica
1664 4473 1725 4536 tibi
1739 4475 1862 4552 scripta
1873 4485 1953 4533 man·

1173 4569 1302 4644 dantes,
1331 4571 1493 4648 quatenus
1517 4571 1681 4645 abbatem,
1709 4573 1741 4634 et
1766 4571 1952 4633 conventum
2031 4603 2032 4640 3

1173 4669 1340 4746 praelatos,
1368 4683 1408 4730 ac
1422 4667 1598 4730 ecclesiam
1622 4669 1813 4730 eorumdem
1836 4667 1952 4728 habens

1173 4765 1214 4829 ob
1228 4765 1451 4826 reverentiam
1464 4765 1553 4828 beati
1567 4767 1656 4828 Petri
1671 4767 1704 4828 et
1718 4769 1866 4828 nostram
1880 4775 1952 4840 pro·
2031 4793 2032 4844 3

1172 4863 1308 4940 pensius
1315 4862 1573 4936 commendatos,
1587 4861 1689 4940 ipsos,
1700 4861 1823 4924 etbona
1836 4871 1951 4926 eorum,
2031 4859 2032 4924 3

1173 4959 1430 5021 donececclesia
1448 4961 1630 5022 memorata
1646 4961 1689 5022 sit
1714 4960 1749 5020 iu
1775 4959 1891 5020 mellus
1905 4969 1954 5016 re-
2031 4939 2032 5020 l

1172 5057 1324 5128 formata,
1340 5057 1537 5118 auctoritate
1559 5057 1673 5119 nostra
1687 5058 1911 5124 manuteneas,
1925 5049 1953 5110 et

1172 5152 1341 5226 delendas,
1359 5169 1425 5214 non
1446 5153 1639 5230 permittens
1667 5169 1724 5214 eos
1752 5167 1772 5214 a
1799 5161 1952 5230 quoquam

1172 5249 1317 5312 indebite
1333 5249 1514 5324 molestari,
1529 5252 1759 5313 molestatores
1773 5265 1887 5311 eorum
1905 5247 1953 5306 in-

1172 5345 1300 5407 debitos
1314 5362 1372 5422 per
1382 5363 1557 5409 censuram
1573 5347 1844 5419 ecclesiasticam,
1855 5341 1954 5423 appel·

1172 5442 1295 5506 latione
1310 5447 1448 5518 remota,
1461 5445 1710 5522 compescendo.
1723 5446 1840 5506 Datum
1860 5445 1952 5505 Late-

1172 5539 1951 5618 rani,XIVlialendaejanuaril,annouudecimo.
