4114 6322
765 365 994 428 EPISTOLAE.
1016 365 1095 426 LIB.
1117 365 1173 429 XI·
1720 363 1777 424 iel

144 372 204 434 133

174 529 255 590 Cum
279 523 419 587 dilectos
450 523 536 586 filios
571 523 823 600 crucesignatos
849 523 929 584 uni-
984 523 1163 593 temerario
1177 523 1354 586 contraire.
1373 523 1406 584 Si
1428 522 1502 599 quis
1515 521 1626 584 autem
1641 521 1704 582 boc
1721 521 1775 582 at·

133 640 250 688 versos
265 622 478 692 Lubicenses,
496 620 563 698 qui,
575 620 646 682 zelo
669 619 746 682 fidei
770 637 809 682 ac
831 620 933 682 devo·
985 621 1114 682 tentare
1129 619 1385 696 praesumpserit,
1399 616 1662 694 indignationem
1674 617 1777 677 omni·

132 723 237 786 tionis
272 719 415 791 accensi,
451 719 546 794 signo
572 718 714 779 viviticae
738 719 847 778 crucis
872 733 930 778 as·
985 717 1128 794 potentis
1152 717 1222 791 Dei,
1250 719 1283 778 et
1303 717 1473 776 beatorum
1499 715 1588 776 Petri
1618 716 1651 777 et
1679 714 1776 774 Pauli

134 819 278 896 sumpto,
289 816 699 894 proposueruntrnrarrae
715 816 844 876 Sanctae
854 813 932 874 sub-

135 917 258 978 sidium
282 913 461 992 proticisci,
482 929 556 974 cum
574 911 711 972 familiiS
731 913 764 972 et
780 909 931 972 omnibus

133 1013 233 1076 bonis
248 1012 329 1082 suis,
351 1025 426 1087 quae
446 1010 481 1070 in
503 1009 757 1086 praesentiarum
778 1009 930 1070 rationa-

133 1109 249 1171 biliter
259 1107 440 1185 possident,
453 1106 514 1168 sub
527 1105 618 1168 beati
630 1106 721 1167 Petri
733 1104 931 1181 suscipimus

134 1207 342 1285 protectione
356 1220 396 1266 ac
417 1204 543 1275 nostra,
560 1204 753 1276 statuentes,
775 1203 822 1274 ut,
838 1201 932 1278 post-

133 1320 235 1382 quam
248 1302 284 1364 in
295 1301 448 1378 proximo
463 1299 613 1376 generali
628 1299 784 1376 passagio
800 1299 863 1360 iter
876 1313 934 1358 ar-

133 1401 303 1478 ripuerint
316 1399 588 1469 transmarinum,
606 1413 645 1458 aa
664 1397 777 1458 omnia
796 1395 857 1458 sub
874 1396 933 1456 de-

133 1498 286 1560 fensione
300 1495 499 1572 Apostolicae
516 1495 610 1556 Sedis
632 1493 761 1570 integra
776 1493 933 1554 maneant

133 1597 169 1658 et
184 1595 308 1673 quieta,
321 1593 426 1654 donec
439 1592 479 1654 de
492 1593 640 1668 ipsorum
653 1591 761 1652 reditu
773 1590 826 1652 vel
841 1589 932 1651 obitu

135 1693 323 1754 certissime
336 1689 556 1766 cognoscatur
572 1709 579 1748 :
596 1687 798 1750 fraternitati
812 1689 932 1748 vestrae

135 1805 197 1868 per
206 1786 398 1865 Apostolica
413 1785 536 1862 scripta
550 1785 757 1855 mandamus,
769 1785 931 1861 quatenus

135 1887 230 1964 ipsos
253 1887 368 1952 contra
388 1881 605 1959 protectionis
628 1883 663 1944 et
685 1880 931 1944 constitutionis

135 1984 260 2046 nostrae
269 1983 418 2044 tenorem
429 1995 495 2040 non
506 1979 704 2055 permittatis
713 1978 754 2038 ab
765 1977 932 2054 aliquibus

134 2079 321 2150 molestari,
343 2076 572 2138 molestatores
591 2075 757 2136 indebitos
772 2091 831 2152 per
853 2090 933 2136 cen-

135 2193 250 2240 suram
283 2174 556 2246 ecclesiasticam,
587 2172 810 2249 appellatione
836 2171 931 2248 post-

134 2275 256 2352 posita,
282 2269 532 2348 compescendo.
561 2269 704 2344 Quodsi
728 2286 794 2330 non
818 2283 932 2330 omnes

135 2372 188 2432 bis
215 2369 439 2447 exsequendis
459 2367 621 2428 interesse
645 2367 830 2444 potueritis,
847 2366 933 2428 alter

133 2470 286 2531 vestrum
314 2481 353 2526 ea
379 2465 598 2525 nihilominus
630 2467 843 2540 exsequatur.
866 2465 933 2524 Da-

986 815 1209 890 apostolorum
1235 818 1317 890 ejus,
1334 829 1370 874 se
1394 813 1524 874 noverit
1549 813 1773 872 incursurum.

985 911 1104 972 Datum
1114 908 1775 984 Laterani,X.VlIIkaldecembrispon-

984 1007 1244 1071 titicatusnostri
1265 1024 1352 1070 anno
1364 1008 1503 1070 decimo.

1334 1247 1431 1334 VIII

985 1400 1037 1460 Ad
1063 1399 1315 1462 monasterinm
1334 1399 1455 1460 Beata
1480 1401 1607 1461 Martae
1627 1399 1774 1460 sarecto-

1038 1511 1183 1569 rumque
1197 1498 1399 1570 Martyrum
1413 1497 1578 1558 Ccouttat
1589 1499 1720 1558 Albani.

1244 1625 1278 1682 lt
1292 1625 1423 1683 novemb.
1437 1625 1514 1682 litu.

1063 1745 1222 1812 [Thorlrelim
1234 1747 1300 1814 Dipl.
1314 1744 1382 1800 Arna
1395 1749 1578 1812 biegnaeanum,
1591 1749 1611 1810 l,
1630 1747 1697 1814 lot]

986 1845 1057 1932 Illud
1071 1875 1274 1932 monesterium
1290 1873 1496 1947 protegendum
1516 1874 1644 1948 suscipit,
1660 1889 1774 1932 omnes·

1021 1976 1075 2034 que
1095 1961 1157 2035 ejus
1176 1963 1373 2036 possessiones
1395 1961 1525 2034 arbona,
1551 1978 1672 2036 quorum
1694 1964 1774 2036 plura

1021 2051 1189 2108 nominatim
1203 2059 1340 2120 recenset,
1355 2051 1514 2110 confirmat.

1025 2176 1382 2252 Honoriusepiscopus,
1393 2193 1510 2238 servus
1522 2192 1693 2240 servorum
1702 2180 1774 2251 Dei,

986 2271 1115 2334 dilectis
1127 2273 1205 2334 liliis
1219 2274 1324 2350 priori
1333 2276 1527 2336 monasterii
1539 2277 1649 2338 Baatae
1660 2279 1777 2338 Mariae

987 2371 1247 2447 sanatorumque
1268 2369 1450 2448 Martyrum
1464 2374 1582 2434 Canuti
1602 2377 1635 2434 et
1644 2374 1775 2446 Albani,

986 2469 1123 2545 ejusque
1152 2468 1311 2530 iratribus
1338 2469 1406 2530 tam
1432 2471 1652 2546 praesentibus
1678 2487 1777 2548 quam

133 2565 205 2628 turn
232 2561 400 2634 Laterani,
427 2560 538 2622 idibus
566 2560 770 2634 novembris,
799 2559 933 2637 pontiti-

135 2661 231 2724 catus
244 2659 351 2722 nostri
365 2673 452 2720 anno
468 2657 653 2720 undecimo.

986 2563 1118 2636 suturis,
1140 2566 1329 2640 regularem
1344 2567 1446 2627 vitam
1462 2567 1620 2644 protessis
1646 2569 1679 2630 in
1695 2583 1775 2646 por-

986 2663 1131 2738 potuum.

1026 2759 1776 2840 ReligiosamvitameligentibusApostolicum

986 2856 1141 2920 convenit
1155 2857 1272 2919 adesso
1286 2858 1488 2934 praesidium,
1505 2875 1548 2918 ne
1560 2861 1644 2922 torte
1661 2865 1776 2939 cujus-

985 2951 1067 3015 libet
1080 2953 1275 3016 temeritatis
1291 2956 1444 3016 incursus
1459 2957 1517 3017 aut
1536 2973 1593 3018 eos
1607 2972 1628 3018 a
1651 2975 1775 3036 propo-

986 3051 1049 3112 sito
1075 3052 1294 3122 revocabant
1312 3051 1424 3123 robur,
1442 3053 1527 3129 quod
1550 3053 1647 3126 absit,
1671 3071 1776 3118 sacrae

985 3149 1159 3224 religionis
1184 3147 1357 3225 infringat.
1384 3151 1578 3226 eapropter,
1604 3152 1715 3215 dilecti
1741 3155 1776 3216 in

986 3246 1126 3308 Domino
1141 3245 1214 3318 ulit,
1236 3245 1358 3308 vestris
1373 3247 1473 3323 justis
1497 3249 1777 3324 postulationibus

986 3345 1166 3404 clementer
1179 3344 1368 3414 annuimus,
1381 3345 1414 3404 et
1422 3343 1596 3419 praefatum
1610 3349 1779 3410 monaste-

498 2906 575 2992 VII

192 3059 246 3118 Ad
266 3058 422 3118 cremnos
440 3055 474 3116 et
490 3059 653 3128 populum
676 3054 879 3114 universum

418 3153 661 3214 calamensem.

398 3281 432 3339 lt
446 3279 580 3338 novemb.
595 3281 673 3338 lato.

205 3403 431 3470 OE¹¹¹²0¹¹20¹¹⁰¹¹⁶¹¹
443 3415 488 3454 ¹1¹¹
499 3401 655 3462 ⁶⁰⁸⁰¹¹³⁰¹²²⁰¹
671 3402 702 3461 ¹¹·
714 3402 768 3462 ’ω’
782 3415 808 3454 ¹¹·
819 3401 871 3464 ω’]
986 3441 1073 3502 rium
1088 3441 1198 3502 Beatae
1217 3440 1344 3512 Mariae,
1363 3442 1625 3518 sanctorumque
1646 3445 1776 3522 Marty-

138 3529 190 3588 Eis
205 3527 362 3597 libertates,
385 3527 580 3585 immunitates
606 3525 885 3598 consuetudinesque
898 3525 933 3582 ab
986 3553 1060 3598 pum
1075 3537 1194 3598 canuti
1208 3538 1241 3598 01
1255 3535 1385 3608 Albani,
1412 3537 1447 3598 jn
1472 3553 1536 3616 quo
1562 3539 1675 3602 divino
1697 3543 1777 3604 estis

170 3615 392 3690 imperatoribus
406 3622 435 3672 et
443 3613 619 3690 principibus
631 3615 740 3672 civitati
750 3627 849 3672 eorum
862 3628 930 3670 con·
987 3633 1144 3710 obsequio
1154 3633 1345 3711 mancipati,
1356 3632 1416 3695 sub
1426 3633 1516 3696 beati
1524 3637 1614 3698 Petri
1624 3639 1777 3702 equom

172 3703 485 3774 ⁰⁰⁸⁸⁸⁸r⁰⁰¹¹flf¹¹¹⁸²⁵
986 3730 1190 3808 protectione
1233 3727 1490 3812 [suscipimus],
1530 3734 1564 3796 et
1602 3738 1777 3812 praesentis

177 3830 850 3907 HonoriusepIscopus,servusservorum
860 3828 930 3900 Dei,
987 3828 1102 3906 scripti
1123 3827 1298 3906 privilegio
1320 3829 1574 3902 commuuimus,
1599 3833 1634 3894 in
1660 3835 1778 3911 primis

136 3929 270 3992 dilectis
298 3927 378 3988 tiliis
403 3927 549 3988 scabinis
569 3927 602 3988 et
629 3925 787 3988 universo
810 3925 932 4004 populo
986 3925 1148 4002 siquidem
1174 3924 1367 3996 statuentes,
1397 3926 1433 3986 ut
1456 3927 1537 3988 ordo
1559 3931 1774 3997 monasticus.
1840 3986 1841 3989 ,

136 4024 341 4097 Coloniensi,
365 4024 507 4086 salutem
528 4023 562 4085 et
581 4022 807 4101 apostolicam
830 4023 934 4088 bene-
987 4022 1043 4100 qni
1058 4021 1238 4086 seeundum
1254 4023 1356 4084 Deum
1372 4023 1406 4084 et
1429 4021 1518 4085 beati
1533 4026 1703 4089 Benedicti
1717 4043 1775 4090 re-

138 4124 330 4184 dictionem.
986 4119 1098 4196 gulam
1112 4119 1146 4180 in
1156 4119 1271 4180 eodem
1286 4119 1359 4180 loco
1370 4119 1540 4182 institutus
1555 4137 1629 4183 esse
1641 4124 1777 4200 dignos-

180 4223 301 4282 Pronae
346 4217 531 4281 devotionis
571 4218 741 4296 promptus
780 4216 930 4302 affectus,
987 4218 1082 4286 citur,
1099 4215 1266 4293 perpetuis
1281 4214 1778 4294 ibidemtemporibusinviola-

141 4315 934 4396 quamergaRomanamEcclesiamlaudabiliter
985 4314 1097 4378 biliter
1120 4299 1325 4374 observetur.
1355 4315 1524 4374 Praeterea
1552 4331 1776 4396 quascumque

140 4413 270 4492 geritis,
282 4428 350 4474 non
361 4411 496 4488 indigne
512 4413 668 4484 meretur,
678 4413 715 4474 ut
725 4427 785 4473 vos
796 4411 933 4488 speciali
986 4410 1224 4488 possessiones,
1241 4424 1456 4486 quaecumque
1484 4409 1570 4472 bona
1595 4412 1682 4476 idem
1704 4431 1777 4478 mo·

140 4511 249 4588 gratia
273 4510 367 4572 Sedis
383 4509 581 4587 Apostolicae
601 4510 839 4586 prosequentes
852 4525 932 4570 ves·
986 4507 1169 4570 nasterium
1195 4507 1231 4566 in
1247 4505 1501 4583 praesentiarum
1511 4509 1603 4584 juste
1615 4525 1655 4572 ac
1669 4527 1775 4575 cano-

141 4609 215 4682 tris,
230 4608 389 4686 quantum
404 4609 558 4668 cumbae
573 4621 759 4684 possumus,
779 4605 932 4684 precibus
986 4605 1060 4666 nice
1075 4603 1231 4682 possidet,
1256 4603 1371 4664 autin
1394 4602 1541 4666 futurum
1562 4611 1776 4674 concessione

142 4720 340 4766 annuamus.
372 4704 565 4780 Eapropter,
593 4702 706 4764 dilecti
734 4703 769 4763 in
795 4703 932 4764 Domino
986 4699 1188 4780 pontificum,
1198 4699 1375 4776 largitione
1385 4703 1562 4776 regumvel
1574 4705 1774 4784 principum,

141 4803 215 4876 tilii,
230 4801 352 4864 vestris
365 4799 663 4878 supplicationibus
678 4800 772 4876 grato
788 4816 932 4862 concur·
987 4799 1153 4862 oblatione
1177 4797 1335 4870 fidelium,
1361 4811 1420 4858 seu
1446 4797 1522 4858 aliis
1537 4801 1638 4876 J'ustis
1657 4805 1774 4878 modis,

140 4899 253 4962 rentes
277 4913 429 4969 assensu,
457 4897 626 4958 libertates
648 4898 682 4958 et
707 4897 933 4962 immunitates
986 4895 1165 4973 praestante
1189 4894 1339 4964 Domino,
1365 4893 1486 4971 poterit
1512 4897 1662 4974 adipisci,
1681 4901 1775 4964 firma

141 4997 297 5074 antiquas
321 4995 354 5056 et
379 4993 595 5055 rationabiles
617 4995 873 5056 consuetudines
892 4994 933 5058 ab
987 4993 1081 5056 vobis
1105 4991 1291 5068 vestrisque
1316 4992 1563 5055 successoribus
1592 4999 1625 5056 et
1649 4997 1777 5061 illibata

140 5090 410 5170 imperatoribus
421 5090 625 5168 principibus
634 5091 687 5152 vel
699 5091 775 5151 aliis
787 5091 934 5168 legitime
986 5089 1214 5168 permaneant,
1229 5089 1265 5149 in
1284 5087 1404 5165 quibus
1424 5089 1496 5151 baec
1511 5093 1654 5168 propriis
1678 5094 1778 5157 duxi-

140 5189 237 5254 vobis
253 5189 286 5250 et
298 5187 424 5250 civitati
439 5189 557 5250 vestrae
573 5203 759 5259 concessas,
774 5191 806 5250 et
821 5189 932 5251 bacte-
987 5205 1060 5250 ntus
1071 5171 1286 5264 caprimenda
1299 5185 1469 5246 vocabulis
1486 5209 1493 5245 :
1510 5189 1634 5250 Locum
1655 5193 1775 5269 ipsum,

141 5303 206 5350 nus
220 5285 423 5352 observatas,
438 5286 528 5348 ratas
547 5283 717 5357 babemus,
735 5286 836 5348 eteas
851 5303 933 5348 auc·
987 5285 1023 5346 in
1044 5299 1108 5362 quo
1132 5283 1305 5362 praefatum
1334 5285 1571 5346 monasterium
1593 5289 1690 5350 situm
1715 5295 1775 5364 est,

141 5384 277 5450 toritate
285 5381 475 5460 Apostolica
490 5381 735 5452 confirmamus,
745 5383 778 5444 et
788 5399 935 5460 praesen·
987 5397 1062 5444 cum
1078 5381 1230 5443 omnibus
1241 5379 1448 5456 pertinentiis
1463 5381 1532 5442 suis
1542 5383 1577 5444 in
1592 5387 1728 5459 lleonia,
1743 5390 1777 5449 in

140 5484 186 5546 tis
211 5478 330 5558 scripti
356 5478 541 5556 patrocinio
569 5479 822 5540 communimus.
843 5481 935 5541 Nulli
988 5478 1161 5550 Lolandia,
1177 5479 1214 5538 in
1228 5479 1344 5548 Heme,
1361 5476 1396 5538 in
1413 5479 1524 5551 Halse,
1541 5481 1576 5542 in
1590 5473 1679 5544 Jutia
1695 5486 1777 5547 etin

143 5592 225 5655 ergo
240 5576 375 5639 omnino
386 5575 555 5637 hominum
568 5575 667 5638 liceat
681 5576 768 5638 hanc
781 5578 935 5654 paginam
990 5576 1119 5648 Silani,
1136 5574 1363 5652 possessiones
1379 5575 1411 5635 et
1426 5577 1532 5636 terras
1549 5579 1582 5638 et
1596 5579 1681 5640 alias
1695 5597 1777 5658 pos-

144 5671 538 5738 uostraecontlrmatlonis
550 5671 842 5748 intringere,velei
853 5691 936 5736 ausu
990 5672 1155 5734 sessiones
1171 5687 1244 5732 cum
1261 5671 1374 5746 pratis,
1391 5671 1509 5742 vineis,
1534 5675 1643 5747 terris,
1659 5693 1776 5741 nemo·
