4114 6322
284 383 343 448 1OE
899 381 1076 442 HONORII
1098 381 1143 442 111
1164 381 1313 444 OPERA.

284 542 474 617 formidare,
490 559 531 605 ne
545 544 659 606 nostra
671 541 843 620 patientia,
859 541 894 603 ln
907 539 1073 619 praedictis
1127 539 1239 602 verbis
1262 539 1433 602 Friderlco
1454 537 1658 617 exprobrare
1679 537 1787 618 pergit
1807 541 1931 604 Hono-

281 656 371 702 veree
386 641 551 716 patientiae
564 639 854 710 numenamiserit,
867 637 1074 700 eteffectum.
1128 637 1220 699 rius:
1443 653 1448 662 ·

1863 383 2055 445 1043

283 741 467 809 Quarenon
478 737 594 798 credas
604 737 638 798 id
651 736 811 796 oblivioni
824 751 898 796 esse
908 736 1072 806 relictum,
1167 753 1186 794 a
1214 733 1254 796 Et
1276 735 1408 812 quidem
1436 735 1489 796 his
1515 735 1637 796 similia
1669 735 1929 812 magnificorum
2054 739 2055 808 ξ

281 833 362 896 licet
386 835 431 895 sit
458 835 619 895 hactenus
643 833 908 894 dissimulatione
930 848 1073 909 suspen·
1129 831 1315 908 principum
1330 833 1422 907 gesta
1442 847 1509 892 non
1523 834 1706 904 continent,
1729 833 1928 893 sublimium

283 945 378 1004 sum;
394 930 452 990 sed
467 931 553 1007 quod
572 931 609 990 in
634 929 799 990 similibus
824 929 1000 990 inferiores
1014 942 1074 1004 pro
1129 945 1238 990 mores
1253 929 1418 1004 ignorant,
1431 929 1618 990 liberalium
1629 931 1768 1005 largitas
1784 945 1851 990 non
1864 947 1930 991 ac·
2054 917 2055 920 ¹

283 1028 316 1088 te
332 1028 524 1103 promittere
539 1026 691 1099 debeant,
708 1028 749 1088 de
772 1027 907 1103 speculo
922 1027 1075 1102 poterunt
1129 1028 1250 1102 ceptat.
1266 1027 1340 1086 Non
1352 1027 1400 1086 sic
1415 1027 1507 1086 illius
1522 1029 1632 1088 Terrae
1645 1029 1843 1103 procuratur
1853 1028 1929 1088 uti-

282 1125 443 1186 eminenti
455 1125 605 1202 recipere
617 1125 787 1200 speculum
798 1125 831 1184 et
840 1123 1021 1200 exemplar.
1037 1121 1074 1182 In
1130 1122 1218 1194 litas,
1236 1138 1302 1183 non
1315 1123 1364 1183 sic
1386 1123 1428 1183 ad
1441 1126 1514 1199 eJus
1537 1123 1721 1184 subsidium
1742 1124 1928 1186 bellatores

284 1237 349 1298 quo
364 1223 523 1298 quantum
538 1222 728 1282 auctoritati
758 1221 852 1281 Sedis
877 1218 1074 1296 apostolice
1130 1221 1257 1280 strenui
1282 1220 1497 1282 advocantur.
1524 1224 1631 1298 Super
1646 1237 1710 1298 qno
1735 1221 1796 1283 tibi
1818 1237 1926 1283 onera
2054 1209 2055 1212 ¹

281 1319 326 1380 sit
336 1318 529 1390 detractum,
544 1335 617 1396 quae
632 1320 722 1394 ipsos
736 1318 777 1378 ad
793 1333 927 1394 precum
942 1317 1074 1378 tuarum
1129 1317 1257 1392 gravia,
1273 1319 1306 1378 et
1320 1318 1543 1394 importabilia
1554 1335 1616 1379 nos
1630 1320 1754 1380 asseris
1766 1319 1923 1396 alligare,

281 1415 475 1477 instantiam
491 1415 551 1476 sub
566 1431 627 1476 sua
639 1417 817 1477 securitate
830 1415 965 1492 recepit,
991 1413 1074 1474 satis
1129 1430 1203 1490 quae
1224 1413 1328 1489 digito
1350 1415 1465 1476 nostro
1500 1431 1632 1476 movere
1664 1415 1829 1490 nolimus;
1854 1433 1926 1476 non

284 1513 476 1589 intelligunt
490 1514 546 1589 qui
561 1529 631 1574 rem
647 1513 766 1574 sciunt
1129 1511 1303 1572 attendens
1324 1513 1410 1588 quod
1431 1515 1502 1588 jam
1519 1511 1669 1588 pluribus
1684 1513 1782 1573 annis
1797 1513 1925 1590 elapsis

322 1613 401 1672 ‹De
415 1612 533 1671 comite
548 1626 626 1672 vero
648 1610 815 1682 Matthaeo,
833 1624 929 1686 quem
942 1607 1028 1685 apud
1041 1609 1075 1669 te
1130 1608 1216 1668 ultro
1226 1609 1259 1670 te
1270 1609 1341 1670 istis
1352 1609 1510 1670 oneribus
1524 1609 1706 1687 subjecisti,
1720 1612 1925 1688 spontaneus

280 1707 316 1769 in
331 1707 554 1770 subtractione
564 1723 699 1769 suorum
707 1712 818 1769 Terrae
829 1707 958 1768 Sanctae
968 1706 1076 1766 servi-
1129 1705 1164 1766 in
1178 1705 1363 1767 Theutonia
1379 1707 1510 1782 signum
1529 1709 1839 1783 crucisassumens;
1855 1725 1925 1770 non

280 1805 375 1877 tium,
392 1806 501 1866 crucis
516 1807 550 1866 et
561 1805 717 1866 crucifixi
732 1805 919 1866 reverentia
934 1819 1000 1865 non
1013 1803 1074 1864 de·
1129 1803 1313 1874 attendens,
1323 1805 1409 1880 quod
1418 1805 1576 1865 crucifixi
1587 1807 1922 1882 gerendonegotium,

280 1901 396 1974 tendit,
413 1903 596 1980 comiteque
620 1903 763 1978 Rogerio
785 1902 950 1979 quondam
965 1903 1072 1977 capto,
1129 1917 1213 1962 onus
1228 1917 1294 1961 non
1315 1901 1388 1962 leve
1402 1902 1480 1963 tulit
1501 1903 1651 1963 Ecclesia
1669 1903 1703 1963 in
1716 1903 1927 1965 ecclesiasti-

281 2001 318 2062 nt
333 2002 430 2072 nosti,
447 2001 480 2062 et
494 2000 699 2076 postmodum
718 2000 870 2070 liberato,
887 1999 923 2060 ut
938 1998 1072 2069 scimus,
1129 2013 1242 2058 corum
1263 1997 1483 2061 decimatione
1510 2001 1749 2075 proventuum
1775 2016 1842 2062 non
1870 2001 1928 2061 at-

281 2113 411 2159 necnon
426 2101 460 2159 et
472 2097 668 2174 quibusdam
694 2097 783 2168 aliis,
800 2097 856 2173 qui
884 2095 925 2157 ad
946 2095 1072 2167 urbem,
1128 2095 1267 2156 tendens
1292 2095 1379 2173 quod
1406 2111 1466 2172 per
1490 2095 1611 2158 iratres
1634 2099 1766 2158 nostros
1789 2099 1821 2158 et
1835 2098 1925 2159 alios

282 2197 316 2258 et
328 2196 403 2256 loca
418 2194 561 2256 confinia
574 2211 594 2256 a
609 2195 839 2271 persequentis
852 2193 939 2254 iacis
953 2191 1073 2254 coniu-

281 2295 413 2370 gerunt,
430 2291 643 2370 conquiescat
666 2292 707 2352 de
733 2291 853 2352 caetero
872 2290 1075 2367 conquaestio

281 2390 444 2470 principis
468 2389 674 2460 excellentis,
703 2404 745 2450 ne
770 2388 893 2451 siccam
919 2387 1074 2464 stipulam

281 2489 449 2568 persequi,
463 2489 497 2550 et
508 2489 622 2550 contra
635 2487 763 2559 lolium,
778 2487 863 2564 quod
876 2489 1006 2548 aventu
1018 2501 1076 2546 ra·

282 2585 382 2664 pitur,
397 2601 492 2648 suam
513 2587 700 2648 monstrare
714 2585 895 2662 potentiam
908 2583 1071 2646 videatur.

281 2687 362 2746 Haeo
372 2683 492 2762 quippe
501 2699 522 2744 a
531 2686 549 2746 J
553 2683 613 2743 ulii
623 2682 764 2744 Gaesaris
774 2681 877 2758 gestis
890 2697 957 2742 uon
967 2681 1072 2752 elicis,

281 2782 339 2860 qui
354 2782 531 2842 Domitium
543 2795 649 2858 poenae
664 2780 809 2851 avidum,
824 2781 857 2841 et
868 2779 976 2841 veniae
988 2793 1073 2839 con·

279 2881 476 2957 temptorem
490 2879 569 2940 vitae
581 2878 729 2940 servavit
740 2877 892 2948 invitum,
917 2877 949 2938 et
964 2875 1076 2938 Metel·

280 2977 350 3038 lum
372 2993 407 3038 se
422 2976 544 3054 gladiis
564 2976 756 3037 offerentem
771 2975 823 3036 ira
847 2973 929 3036 tanti
944 2973 1074 3050 princi-

280 3077 332 3152 pis
346 3075 512 3152 reputavit
524 3074 708 3150 indignum.
726 3073 822 3134 Certe
839 3073 874 3132 in
890 3071 1076 3134 israelitico

281 3171 403 3248 populo
418 3171 569 3232 civitates
591 3172 688 3232 erant
702 3168 833 3244 refugii,
851 3169 884 3230 et
898 3167 1011 3229 urbem
1033 3168 1075 3229 ad

281 3267 447 3344 refugium
461 3267 671 3329 Christianus
685 3266 827 3344 populus
840 3281 906 3326 non
920 3264 1076 3328 babebitl

281 3365 386 3428 David
409 3381 565 3427 recursus
580 3365 653 3427 erat
673 3364 852 3442 oppressis,
869 3363 903 3425 et
928 3377 1075 3423 summus

283 3462 440 3526 Pontifex
455 3463 557 3525 David
573 3461 685 3539 magni
701 3462 848 3524 vicarius
874 3461 1002 3523 avertet
1025 3461 1076 3522 la-

282 3561 366 3622 ciem
381 3560 422 3622 ab
448 3561 600 3623 afflictis?
614 3563 648 3622 ei
661 3560 776 3637 utique
791 3575 869 3631 non,
886 3574 961 3620 cum
983 3558 1076 3618 nulla

281 3658 435 3720 molestia
446 3657 504 3720 tibi
529 3673 589 3735 per
602 3658 678 3718 illos
691 3657 865 3729 inseratur,
880 3658 914 3718 et
927 3655 994 3718 tuis
1010 3655 1076 3717 nisi

281 3756 365 3818 velis
380 3755 413 3816 id
426 3755 587 3818 duntaxat
600 3755 687 3817 ferre
696 3754 832 3816 moleste
845 3753 931 3831 quod
945 3753 1073 3816 vivunt.

322 3851 404 3912 «nd
426 3852 498 3912 haec
512 3851 554 3912 de
576 3853 648 3912 viro
668 3853 803 3926 egregio
828 3865 943 3911 socero
962 3851 1031 3921 tuo,
1046 3851 1076 3911 si

283 3947 325 4010 ad
345 3947 492 4009 nostram
518 3947 724 4025 pervenisset
748 3947 910 4019 notitiam,
929 3948 1015 4024 quod
1036 3947 1077 4009 de

282 4045 337 4119 iis,
352 4059 424 4123 quae
434 4044 495 4107 tibi
511 4043 620 4106 lacere
634 4043 757 4116 debuit,
771 4044 948 4114 omisisset,
963 4045 1076 4106 nostra

283 4158 359 4205 eum
375 4157 443 4204 non
459 4141 645 4220 praeteriret
659 4143 808 4215 monitio,
826 4158 923 4219 quem
937 4142 999 4204 tibi
1014 4143 1076 4204 de·

283 4240 470 4303 sideramus
497 4241 679 4316 acceptum,
709 4242 743 4301 et
769 4241 802 4302 te
830 4240 881 4300 illi
906 4239 1077 4317 potissime

283 4339 479 4416 gratiosum.
504 4341 542 4399 ln
566 4353 630 4416 quo
656 4338 766 4400 movet
780 4337 957 4399 multorum
976 4337 1077 4399 corda

283 4436 428 4507 miratio,
445 4435 531 4513 quod
552 4451 626 4496 cum
650 4435 885 4496 consueverint
905 4434 965 4496 alii
986 4449 1078 4496 cres-

285 4547 418 4596 cereex
441 4532 604 4593 affinitate
629 4535 804 4608 majorum,
835 4531 899 4593 iste
924 4545 989 4592 non
1005 4532 1077 4592 sine

285 4629 463 4690 multorum
471 4627 640 4700 scandalo,
655 4644 720 4689 non
731 4630 804 4690 sine
813 4631 927 4690 Terre
948 4630 1077 4690 Sanctae

285 4725 468 4803 dispendio,
483 4741 550 4786 non
565 4725 637 4786 sine
651 4725 700 4788 tui
713 4725 857 4788 nominis
871 4726 1009 4788 laesione
1019 4725 1078 4788 de-

286 4823 433 4884 crevisse
447 4823 620 4884 videtur».

327 4919 501 4998 Indignum
533 4920 569 4980 in
595 4921 757 4983 Joannem
791 4918 921 4982 lacinus
943 4918 991 5001 (1)
1023 4921 1076 4982 his

321 5071 363 5147 (l)
392 5073 433 5130 lie
460 5069 516 5126 hoc
538 5066 664 5124 facinore
687 5067 729 5124 sic
752 5067 780 5124 lo
821 5069 874 5126 itur
902 5069 1075 5142 Rnyneldus,

286 5143 389 5202 Annei.
412 5139 607 5206 ecclesiastici,
627 5136 662 5194 nd
687 5139 783 5194 anmi
806 5139 851 5206 26,
873 5153 900 5211 p.
917 5140 1008 5211 512,ss
1024 5141 1074 5196 ll:

324 5235 335 5263 ι
354 5209 508 5268 Discordlse
525 5210 599 5265 inter
612 5207 774 5266 iohannem
798 5221 896 5282 regem
913 5210 1074 5283 llierosoly·

286 5284 424 5342 mitanum
440 5293 474 5336 ac
489 5279 668 5338 Fredericum
683 5285 789 5335 exorte
811 5279 941 5336 meminit
965 5279 1078 5337 lllcbsr-

287 5355 340 5412 dus
356 5348 501 5426 (Richard.
530 5348 566 5406 de
589 5351 617 5408 S.
643 5349 738 5406 Germ.
759 5349 787 5405 in
808 5348 875 5405 Cir.
894 5351 986 5415 iord..
1008 5351 1075 5409 bles.

286 5423 354 5482 bibl.
374 5419 489 5492 vatic),
509 5420 589 5492 quus
611 5433 729 5477 causam
754 5418 895 5477 Jordauns
914 5419 1019 5478 indicat
1033 5420 1078 5477 bis

286 5494 401 5552 verbis:
420 5513 432 5542 ι
452 5493 627 5562 Desponsata
643 5490 746 5561 puelle,
762 5488 881 5548 lsebella
895 5491 1012 5560 scilicet,
1029 5491 1078 5548 im·

289 5587 301 5616 ι
318 5573 431 5646 perator
443 5569 552 5644 petrem
576 5559 732 5632 requisivit,
757 5567 789 5618 ut
810 5575 897 5633 regns
920 5568 949 5618 et
969 5563 1076 5635 regalia

289 5657 301 5686 ι
316 5649 380 5708 pure
396 5639 537 5716 resignet3
548 5629 722 5714 stupetactus
734 5630 913 5714 illeobedit3
931 5645 1008 5689 »nec
1023 5633 1075 5690 mi-

289 5721 360 5776 rem,
371 5709 402 5761 ut
416 5717 490 5775 quis
506 5715 613 5775 genero
632 5715 696 5758 sam
713 5715 845 5773 mpurmm
859 5715 915 5759 non
928 5712 1075 5775 exspecta·

1130 2193 1364 2269 predicatores
1400 2193 1496 2255 multi
1530 2195 1679 2271 potentes
1713 2197 1747 2256 et
1780 2195 1924 2269 nobiles,

1129 2289 1241 2364 magni
1253 2291 1286 2351 et
1299 2291 1395 2367 parvi
1409 2305 1446 2352 se
1462 2291 1573 2352 crucis
1594 2291 1754 2370 obsequio
1774 2293 1924 2356 devove-

1129 2387 1217 2448 runt.

1169 2487 1267 2544 «Pro
1280 2485 1519 2548 mercatoribus
1543 2487 1653 2548 autem
1680 2487 1840 2557 Romanis
1861 2503 1925 2549 ex-

1129 2581 1291 2642 cellentiae
1304 2583 1370 2642 tuae
1385 2582 1575 2660 frequenter
1587 2585 1761 2661 scripsisse
1774 2585 1925 2646 memini-

1129 2693 1213 2748 mus,
1243 2679 1329 2740 sicut
1354 2679 1464 2741 dicis:
1493 2681 1550 2743 sed
1581 2697 1656 2743 cum
1686 2697 1746 2758 per
1772 2683 1836 2744 boc
1866 2685 1926 2760 jus

1129 2792 1225 2836 suum
1236 2791 1303 2838 non
1316 2779 1547 2854 assequantur,
1560 2781 1596 2840 ut
1605 2785 1769 2852 asserunt,
1784 2795 1851 2841 non
1865 2780 1927 2841 de-

1129 2873 1184 2936 bet
1195 2875 1265 2935 illis
1279 2875 1314 2935 in
1329 2891 1389 2936 sua
1396 2877 1527 2952 justitia
1540 2877 1767 2939 ecclesiastica
1781 2893 1925 2940 censura

1130 2971 1257 3033 deesse.
1273 2976 1320 3034 De
1333 2973 1490 3035 vassallis
1508 2989 1639 3050 quoque
1662 2975 1865 3051 patrimonii,
1882 2975 1925 3036 de

1131 3068 1249 3145 quibus
1264 3071 1361 3145 prout
1374 3070 1500 3146 placuit
1525 3071 1736 3147 rescripsisti,
1763 3071 1849 3147 quod
1866 3073 1927 3149 ju-

1130 3167 1177 3226 ris
1188 3167 1371 3244 imperialis
1383 3168 1592 3228 excellentiae
1602 3167 1767 3244 competat
1776 3170 1923 3240 tuorum,

1130 3265 1163 3325 et
1170 3264 1424 3340 praedecessoris
1437 3265 1484 3326 tui
1498 3265 1748 3342 privilegiorum
1759 3265 1925 3343 inspectio

1130 3363 1344 3438 protestatur.
1361 3362 1452 3434 Quod
1468 3362 1498 3422 si
1521 3365 1643 3439 praeter
1665 3363 1810 3424 debitum
1824 3379 1845 3424 a
1861 3379 1925 3424 no-

1129 3459 1181 3520 bis
1197 3459 1231 3521 in
1246 3459 1313 3520 illis
1328 3459 1419 3520 aliud
1434 3476 1494 3538 pro
1507 3463 1619 3522 Terre
1632 3461 1761 3522 sancta
1773 3459 1926 3522 subsidio

1130 3557 1298 3634 petiisses,
1312 3557 1400 3620 sicut
1411 3557 1578 3628 decuerat,
1597 3557 1736 3619 formata
1752 3557 1868 3635 petitio
1881 3557 1923 3618 ad

1130 3655 1355 3717 exauditionis
1374 3654 1516 3732 gratiam
1540 3655 1719 3716 introisset.
1741 3655 1924 3718 Provideas

1130 3753 1251 3822 tamen,
1265 3754 1301 3814 ut
1315 3753 1497 3814 advocatiae
1511 3753 1718 3824 vocabulum,
1733 3752 1925 3831 frequenter

1130 3851 1196 3912 tuis
1211 3850 1330 3912 litteris
1346 3851 1532 3926 repetitum,
1557 3852 1627 3922 tua,
1653 3851 1681 3910 si
1708 3850 1827 3927 placet,
1856 3865 1923 3911 non

1131 3947 1304 4024 protrahat
1315 3949 1544 4025 interpretatio
1556 3947 1592 4007 in
1603 3947 1753 4018 abusum,
1766 3947 1923 4023 quoniam

1131 4061 1206 4106 oum
1220 4044 1399 4106 advocatus
1421 4045 1577 4106 Ecclesiae
1601 4044 1689 4105 idern
1704 4044 1846 4119 intelligi
1860 4043 1923 4104 de-

1130 4141 1209 4219 beat¹
1221 4142 1306 4220 quod
1317 4142 1483 4214 defensor,
1500 4143 1529 4203 si
1544 4140 1729 4203 defensoris
1742 4141 1866 4203 omittis
1879 4141 1925 4202 el-

1131 4240 1264 4313 lectum,
1283 4255 1404 4301 nomen
1422 4240 1603 4318 improprie
1617 4239 1744 4301 retines
1758 4239 1922 4299 advocati.

1132 4338 1222 4410 Quod
1238 4338 1319 4398 satis
1334 4337 1368 4396 in
1391 4337 1535 4398 Arcuata
1556 4339 1589 4399 et
1611 4335 1731 4398 castris
1745 4333 1821 4396 aliis
1835 4349 1923 4412 quo-

1131 4435 1282 4496 rumdam
1300 4435 1490 4496 nostrorum
1505 4433 1651 4494 fidelium
1666 4432 1851 4495 ostendisse
1864 4433 1921 4494 vi-

1132 4532 1232 4603 deris,
1246 4547 1320 4608 quae
1341 4531 1469 4592 detines
1493 4533 1607 4592 contra
1628 4529 1794 4607 justitiam
1822 4545 1923 4592 oocu-

1132 4631 1219 4706 pata,
1236 4629 1310 4706 post
1323 4629 1451 4690 illatam
1466 4629 1668 4699 violentiam,
1684 4631 1759 4703 post
1770 4643 1921 4689 commo-

1132 4726 1209 4787 dum
1222 4727 1444 4804 possessionis
1465 4726 1630 4803 adeptum,
1658 4723 1764 4786 sactus
1779 4725 1820 4786 de
1836 4725 1922 4802 peti-

1131 4823 1202 4884 tore
1216 4839 1398 4899 possessor,
1416 4823 1517 4884 offers
1530 4821 1805 4900 conquerentibus
1821 4823 1854 4884 te
1865 4824 1921 4898 jus

1131 4921 1235 4983 intua
1250 4921 1344 4982 curia
1358 4921 1576 4984 redditurum.
1593 4923 1699 4998 Super
1714 4919 1801 4998 quod
1815 4919 1845 4980 si
1856 4935 1921 4996 qua

1131 5077 1183 5138 rat,
1198 5083 1233 5126 eo
1250 5069 1357 5142 reliqua
1372 5070 1429 5126 vita
1445 5068 1532 5126 dotali
1546 5069 1641 5126 uxoris
1662 5083 1754 5142 regno
1769 5069 1922 5141 potiturum

1131 5139 1274 5212 sperabat,
1290 5155 1345 5198 nec
1364 5139 1441 5212 lugeo
1457 5141 1616 5208 loouseret,
1632 5147 1663 5198 ut
1674 5154 1710 5196 ex
1725 5139 1875 5211 angustiis,
1891 5138 1921 5194 in

1131 5225 1202 5282 ques
1219 5225 1250 5267 se
1264 5211 1435 5284 conjecerat,
1462 5211 1616 5282 explicaret
1634 5227 1641 5266 :
1658 5210 1738 5266 aiunt
1760 5223 1828 5266 vero
1853 5221 1922 5264 non·

1132 5283 1201 5338 nulli
1213 5283 1278 5338 vite
1292 5280 1443 5338 discrimen
1457 5295 1512 5338 una
1531 5297 1594 5338 cum
1614 5280 1756 5339 Guslterio
1772 5285 1925 5352 nepoteex·

1132 5351 1220 5408 altero
1235 5353 1377 5409 Gualterio
1392 5361 1420 5408 et
1433 5352 1571 5409 Tancredi
1585 5351 1641 5408 lilla
1681 5357 1802 5424 regnato
1815 5349 1919 5418 adisse,

1131 5437 1196 5479 oum
1215 5421 1372 5480 Fridcricus
1387 5423 1541 5480 conflatam
1556 5423 1585 5478 in
1597 5438 1629 5478 se
1650 5365 1685 5478 apt)
1700 5423 1735 5478 iis
1748 5419 1919 5492 conjuratio-

1132 5493 1177 5550 nis
1202 5494 1361 5564 suspicatus
1386 5500 1478 5564 esset;
1507 5491 1584 5549 addit
1617 5492 1756 5550 Jordanus
1782 5491 1923 5548 loannem

1132 5577 1223 5690 repon
1239 5565 1495 5639 llicrosolymitsno
1509 5570 1624 5622 exutum
1640 5564 1669 5620 in
1689 5561 1795 5620 Gallius
1808 5574 1840 5619 se
1851 5573 1920 5618 oon-

1132 5642 1230 5692 tursse
1248 5656 1271 5692 ι.
