4114 6322
311 331 370 394 123
927 323 1105 384 bonomi
1125 323 1172 384 111
1192 323 1341 384 oritas
1766 361 1774 366 -
1907 325 1964 386 124

311 498 422 562 ottlcto
440 495 617 574 legationis
638 493 702 556 sibl
722 493 898 555 commisso
912 489 1106 554 transmisi-
1159 491 1231 552 tum
1241 491 1305 552 sibl
1315 491 1361 552 sit
1371 491 1647 568 acquiescendum
1658 491 1782 553 nostris
1791 491 1965 566 consiliis,

310 613 395 668 mus,
412 595 521 656 adbuc
536 594 580 654 ibi
598 593 640 654 de
655 591 792 669 speciali
808 590 964 652 mandato
979 591 1104 660 nostro,
1161 589 1195 648 et
1212 589 1389 660 mandatis,
1405 591 1483 666 qnia
1498 589 1539 650 ob
1551 590 1615 650 boc
1629 589 1867 666 principaliter
1882 591 1965 650 dili-

311 709 408 773 quem
421 693 470 754 sic
484 691 643 768 expedire
656 690 832 760 credimus,
845 703 972 748 moram
982 688 1105 758 trabat,
1160 687 1270 762 minus
1283 687 1428 750 nobilem
1442 689 1672 757 memoratum,
1689 687 1776 763 quod
1789 687 1860 763 ipsi
1877 689 1963 762 regi,

311 790 523 853 universitati
544 791 665 848 vestrae
685 802 746 862 per
764 785 953 862 apostolica
983 784 1107 860 scripta
1162 787 1195 845 et
1209 785 1295 860 patri
1308 788 1381 861 ejus
1394 784 1479 844 tldus
1493 785 1528 844 in
1541 799 1668 845 summo
1680 785 1835 860 periculo
1848 786 1969 845 nosci-

310 887 534 966 praecipiendo
549 885 758 953 mandamns,
774 885 939 960 quatenns
954 881 1106 942 eumdem
1162 881 1216 941 tur
1229 882 1394 954 extitisse,
1415 880 1587 958 pretatuns
1602 881 1812 957 capellanum
1835 881 1880 942 ad
1906 897 1966 942 nos

311 987 397 1046 sicot
411 984 610 1061 apostolica
625 983 720 1042 Sedis
734 981 878 1056 legatum
894 980 1105 1054 recipientes,
1163 993 1302 1038 uacuum
1319 995 1377 1055 pro
1398 995 1458 1039 sua
1473 979 1643 1040 voluntate
1658 979 1797 1049 remisit,
1815 979 1875 1038 bis
1891 995 1965 1054 quae

311 1075 1107 1152 bonosiacamnoneststractantes,satunribus
1162 1091 1222 1152 pro
1237 1077 1600 1138 reconciliationedicti
1611 1076 1733 1137 nobilis
1750 1075 1814 1136 sibi
1826 1079 1965 1152 specia-
2032 1095 2033 1168 }

310 1179 459 1250 monitis,
473 1193 513 1238 ac
528 1176 693 1238 mandatis
705 1176 854 1252 ejusdem
867 1173 1059 1242 intendatis,
1075 1175 1109 1234 et
1162 1175 1240 1235 liter
1256 1191 1316 1251 pro
1328 1176 1472 1236 utilitate
1489 1189 1549 1234 sua
1566 1175 1687 1234 litteris
1700 1177 1733 1236 ot
1747 1175 1843 1252 ipsis,
1864 1172 1923 1252 [qu
1953 1174 1964 1256 l
2032 1169 2033 1190 ¹

312 1277 475 1338 obediatis
505 1275 696 1346 humiliter,
729 1289 768 1333 ac
799 1273 935 1342 deuote;
959 1269 1107 1347 alioquin
1162 1273 1334 1334 rivavoce
1360 1274 1490 1350 praetati
1520 1273 1686 1349 capellani
1715 1273 1963 1346 mandarimus,
2032 1263 2033 1314 ι

312 1373 522 1444 sententiam,
548 1387 647 1448 quam
668 1369 913 1431 rationabiliter
934 1368 1049 1429 tulerit
1071 1371 1108 1428 in
1162 1372 1294 1448 penitus
1315 1371 1493 1432 obauditis.
1520 1371 1613 1442 Quod
1638 1373 1798 1446 quantum
1827 1371 1965 1448 indigne
2032 1387 2033 1400 .

311 1471 464 1541 rebelles,
480 1470 710 1546 praecipiemus
726 1481 830 1544 usque
849 1467 890 1526 ad
905 1465 1109 1527 satisfactio-
1163 1467 1309 1530 teramus
1329 1468 1392 1528 sibi
1412 1469 1674 1529 monstraremus
1698 1483 1872 1546 expresse,
1899 1467 1964 1530 nisi

311 1584 390 1630 uem
403 1567 601 1642 condignam
625 1563 963 1626 tirmiterobserrari.
988 1564 1108 1624 naum
1162 1567 1370 1645 propteralia
1381 1581 1454 1644 quas
1465 1567 1528 1626 sibi
1539 1581 1579 1626 ac
1588 1569 1772 1642 regnoejus
1781 1567 1963 1628 imminere
2032 1573 2033 1642 Ῑ

312 1665 481 1734 Laterani,
499 1667 543 1726 VI
564 1663 640 1725 idus
650 1664 750 1742 junii,
767 1661 980 1740 pontiomtus
1000 1661 1109 1722 nostri
1162 1666 1328 1733 ridentur,
1348 1665 1382 1725 ei
1405 1664 1446 1724 ad
1463 1679 1610 1740 praesens
1634 1665 1827 1725 necessaria
1842 1665 1961 1741 prori-

311 1778 401 1825 anno
416 1763 556 1826 decimo.

1165 1860 1292 1922 saniori
1307 1861 1404 1922 utens
1419 1859 1560 1920 consilio
1575 1859 1697 1920 nostris
1718 1859 1750 1919 in
1775 1859 1841 1920 hoc
1860 1859 1963 1921 bene-

618 1999 808 2089 CLXXIV

373 2153 426 2216 Ad
438 2154 735 2228 archiepiscopum
749 2151 1048 2212 cantuariensem,

607 2281 638 2338 tt
656 2281 718 2354 jnlii
739 2281 818 2338 laad.

1164 2152 1321 2228 privavit,
1334 2151 1455 2212 lacmm
1469 2151 1566 2212 nobis
1578 2151 1613 2212 in
1625 2151 1816 2228 repulsione
1826 2167 1960 2228 precum

1166 2252 1355 2310 nostrarum
1385 2250 1543 2327 injuriam
1568 2249 1712 2310 abolere.
1741 2249 1835 2310 Licet
1860 2250 1960 2324 igitur

336 2407 457 2474 [nequi.
474 2405 519 2458 lib.
531 2407 563 2463 X,
578 2405 653 2470 epist.
670 2403 725 2454 327.
741 2405 798 2454 ltss.
815 2406 851 2456 La
863 2405 936 2454 Porto
946 2404 980 2454 du
991 2403 1085 2468 Theti]

315 2535 449 2592 ttortmur
467 2537 498 2589 ut
517 2529 699 2590 Fulcbasium
716 2527 753 2586 de
773 2531 894 2587 Breaute
913 2526 989 2600 opud
1010 2541 1110 2601 regem

473 2619 587 2693 anglia
601 2627 733 2676 tueantur
743 2633 777 2676 ao
791 2616 957 2676 detendunt.

354 2737 522 2800 Honorius
532 2737 718 2813 episcopus,
727 2749 845 2796 servos
854 2749 1026 2797 servorum
1036 2733 1107 2806 Dei,

314 2833 499 2900 venerabili
528 2833 663 2895 tratri...
688 2833 941 2910 archiepiscopo
965 2835 1112 2894 cantua-

314 2933 431 3006 riensi,
447 2935 480 2994 S.
497 2935 535 2994 R.
559 2934 594 2992 E.
608 2931 783 3003 cardinali,
798 2931 831 2992 et
848 2929 1013 2992 nobilibus
1028 2929 1111 2992 viris

315 3033 354 3094 R.
376 3029 523 3102 Cestriae,
540 3031 579 3090 U.
597 3029 637 3089 de
654 3028 814 3090 Pembroc
836 3027 1040 3088 marescalco
1055 3041 1111 3088 re-

315 3129 368 3204 gis
386 3127 524 3204 angliae,
548 3129 601 3187 W.
625 3126 830 3198 warenniae,
850 3129 887 3186 G.
909 3127 1108 3197 (lictoriae,

287 3241 289 3246 ’
315 3227 370 3286 W.
397 3225 437 3286 de
463 3224 639 3284 Mantenitt
662 3223 840 3294 Excessiae,
856 3223 890 3284 et
913 3225 967 3282 W.
992 3221 1111 3283 Alber-

316 3322 426 3386 maliae
440 3320 623 3392 comitibus,
638 3322 678 3380 H.
701 3319 741 3380 de
757 3322 878 3395 Burgo,
896 3319 1037 3397 aliisque
1053 3335 1111 3380 ca-

1164 2347 1251 2408 idem
1275 2363 1336 2408 rex
1358 2348 1458 2408 nimis
1476 2347 1662 2408 assueverit
1686 2361 1801 2424 preces
1829 2349 1958 2408 nostras

1164 1763 1278 1824 dentia
1299 1777 1531 1839 parceremus,
1556 1763 1589 1822 et
1616 1777 1846 1838 speraremus,
1877 1763 1961 1839 quod
2032 1785 2033 1792 ι

1163 1959 1296 2035 placitis
1319 1957 1438 2018 debeat
1456 1957 1680 2034 acquiescere,
1699 1973 1739 2018 ao
1755 1957 1960 2019 restituendo
2032 2029 2033 2034 ἵ

1164 2055 1227 2116 sibi
1246 2055 1311 2132 ipsi
1326 2055 1449 2117 dictum
1465 2054 1620 2126 nobilem,
1636 2069 1701 2131 quo
1717 2055 1905 2132 improuide
1926 2071 1959 2115 se
2032 2081 2033 2092 r

1163 2445 1336 2522 repellere,
1356 2449 1389 2507 et
1408 2446 1458 2506 eis
1477 2461 1578 2506 aures
1603 2445 1699 2522 quasi
1716 2443 1956 2522 preteritorum
2032 2489 2033 2540 l

1165 2543 1347 2615 immemor,
1375 2544 1409 2604 et
1441 2543 1628 2604 suturarum
1662 2543 1878 2619 improvidus,
1902 2540 1957 2602 ob-

1165 2641 1268 2713 viare,
1294 2657 1355 2702 nos
1369 2643 1480 2703 minen
1503 2643 1686 2718 sperantes,
1709 2639 1795 2717 quod
1817 2639 1905 2700 sicut
1924 2639 1956 2698 in

1165 2739 1262 2799 aetate
1276 2737 1416 2814 proiicit,
1432 2739 1478 2800 ita
1491 2737 1608 2799 debeat
1623 2738 1657 2797 in
1671 2737 1796 2805 nostra,
1807 2737 1841 2798 et
1856 2739 1957 2814 Apos-

1165 2835 1272 2896 tolicae
1296 2835 1390 2896 Sedis
1416 2835 1591 2897 devotione
1618 2835 1791 2912 prolicere,
1818 2850 1861 2894 ac
1884 2831 1956 2893 fidei

1165 2947 1258 3009 purae
1271 2933 1503 3004 constantiam,
1520 2949 1619 3010 quam
1632 2947 1712 3007 erga
1728 2933 1836 3010 ipsum
1854 2933 1888 2993 et
1901 2946 1957 3008 pa-

1164 3033 1250 3092 trem
1260 3034 1332 3108 ejus
1341 3031 1417 3090 aliis
1428 3029 1518 3091 aliud
1531 3030 1726 3092 iacientibus
1739 3030 1827 3091 idem
1837 3028 1955 3091 nobilis

1165 3129 1361 3189 inconcusse
1372 3127 1518 3188 servavit
1526 3128 1561 3188 in
1571 3129 1764 3189 memoriam
1772 3129 1953 3197 reuocaret,

1165 3226 1274 3302 ipsum
1285 3223 1394 3286 adbuc
1407 3225 1589 3288 affectuose
1597 3227 1779 3302 rogandum
1791 3226 1952 3296 duximus,

1165 3325 1198 3385 et
1220 3324 1420 3386 monendum
1439 3339 1597 3400 expresse
1613 3324 1676 3385 sibi
1698 3340 1758 3400 per
1771 3323 1955 3400 apostoliea

316 3420 442 3482 rissimi
460 3419 496 3480 in
509 3418 640 3480 Christo
664 3415 725 3478 tilii
746 3415 851 3477 nostri
867 3417 1008 3478 illustris
1020 3417 1110 3493 regis
1165 3422 1288 3498 scripta
1303 3421 1512 3494 mandantes,
1530 3423 1567 3484 ut
1580 3422 1759 3498 prudenter
1774 3421 1951 3492 attendens,

316 3519 499 3594 anglorum
521 3515 736 3586 consiliariis,
761 3513 902 3576 salutem
922 3516 1111 3592 etAposto·
1166 3519 1253 3596 quod
1281 3521 1355 3596 post
1385 3519 1552 3592 divinum,
1580 3521 1614 3580 et
1639 3519 1835 3596 Apostolicae
1866 3519 1953 3581 Sedis

317 3616 417 3678 licam
431 3614 708 3676 benedictionem.
1165 3617 1328 3677 auxilium
1346 3618 1453 3694 potest
1467 3617 1657 3678 adscribere
1676 3617 1868 3694 specialiter
1883 3614 1954 3677 tidei

358 3713 554 3776 Recolentes
577 3711 655 3784 tlda,
683 3709 844 3788 utiliaque
868 3710 1015 3782 servitia,
1036 3725 1110 3787 quae
1165 3715 1198 3776 et
1221 3715 1418 3776 constantiae
1442 3713 1564 3775 nobilis
1589 3715 1783 3791 supradicti,
1809 3714 1896 3792 quod
1916 3711 1953 3772 ad

318 3811 457 3873 dilectus
485 3811 575 3870 tilius
606 3808 727 3869 nobilis
758 3809 812 3869 uir
844 3807 1039 3868 Fulcbesius
1070 3807 1110 3868 de
1165 3812 1293 3874 alienos
1313 3827 1379 3874 non
1393 3814 1444 3874 est
1458 3811 1530 3892 ejus
1551 3828 1649 3874 versa
1668 3812 1857 3885 hareditas,
1872 3813 1903 3874 et
1916 3809 1952 3871 ad

317 3909 460 3970 Braante
475 3907 575 3968 clarae
590 3905 758 3965 memoriae
779 3905 924 3966 iohanni
944 3903 1015 3979 regi
1036 3907 1109 3965 An-
1165 3909 1341 3970 extraneos
1361 3908 1477 3970 domus
1499 3924 1571 3981 sua,
1593 3910 1626 3970 et
1646 3909 1793 3981 offensae,
1818 3909 1953 3986 siquam

317 4003 459 4080 glorum,
474 4018 513 4063 ac
526 4017 565 4062 eo
578 4001 731 4062 defuncto
744 3999 918 4061 carissimo
932 4000 967 4060 in
980 4001 1110 4061 Christo
1166 4005 1250 4068 forte
1275 4007 1482 4083 postmodum
1515 4005 1699 4082 improvide
1728 4007 1792 4067 sibi
1820 4005 1897 4068 iecit
1921 4005 1953 4064 iu

318 4103 388 4164 filio
403 4102 516 4162 nasim
529 4100 683 4170 Himilco,
700 4098 822 4159 illustri
833 4097 904 4173 regi
915 4097 1109 4174 Asssslorum,
1165 4103 1332 4164 tantorum
1341 4103 1535 4164 meritorum
1543 4103 1737 4164 memoriam
1747 4103 1952 4171 obliviscens,

317 4201 397 4263 nato
412 4202 494 4276 ejus,
510 4199 658 4276 tempore
673 4211 809 4256 summae
824 4195 1032 4257 necessitatis
1047 4195 1111 4255 im·
1165 4201 1264 4277 eipro
1275 4215 1344 4262 suae
1354 4201 1430 4261 tidei
1441 4201 1570 4272 merito,
1580 4201 1613 4262 et
1623 4215 1757 4276 precum
1769 4201 1952 4262 nostrarum

318 4297 446 4378 pendit,
472 4313 511 4358 ao
530 4311 590 4374 per
608 4294 671 4355 hoo
692 4309 766 4355 eum
790 4291 989 4370 apostolica
1014 4291 1110 4354 Sedis
1165 4299 1323 4360 instantia
1347 4299 1490 4374 gratiam
1513 4314 1607 4359 suam
1626 4297 1753 4369 reddat,
1769 4299 1803 4360 et
1823 4313 1896 4358 cum
1917 4309 1952 4355 ea

318 4398 427 4474 gratia
440 4393 686 4473 prosequentes,
695 4391 736 4452 ad
751 4391 859 4468 ipsum
872 4405 984 4466 regem
997 4407 1056 4468 pro
1071 4405 1110 4451 eo
1164 4395 1288 4456 terram
1303 4395 1336 4456 et
1350 4395 1462 4458 omnia
1474 4395 1562 4456 bona
1580 4411 1652 4466 sua,
1670 4395 1757 4471 quod
1770 4409 1836 4456 non
1850 4394 1953 4455 minus

319 4509 386 4555 non
401 4493 507 4554 solum
518 4492 648 4551 litteras
661 4489 803 4560 nostras,
821 4487 878 4548 sed
896 4489 996 4550 etiam
1009 4503 1111 4548 unum
1165 4493 1230 4570 ipsi
1243 4477 1327 4568 regi,
1341 4509 1440 4569 quam
1454 4491 1541 4554 dioto
1557 4491 1661 4554 nobili
1676 4492 1842 4554 credimus
1859 4505 1954 4567 erpe-
2031 4539 2033 4554 .

319 4591 361 4652 de
371 4587 591 4650 familiaribus
602 4585 736 4656 nostris,
749 4585 818 4645 suis
829 4584 957 4645 meritis
969 4585 1111 4660 exigen-
1166 4589 1248 4662 dire,
1267 4606 1341 4650 oum
1362 4589 1473 4652 terror
1492 4589 1580 4662 tidei,
1603 4605 1701 4666 quam
1720 4589 1807 4649 idem
1826 4587 1951 4656 nobilis,

319 4687 419 4760 tibus,
433 4683 514 4765 [qui]
533 4683 628 4744 nobis
646 4683 697 4743 est
711 4683 798 4743 inter
811 4697 906 4742 caros
922 4682 1112 4758 specialiter
1166 4689 1202 4748 ut
1216 4703 1303 4764 saepa
1320 4687 1476 4759 diximus,
1491 4703 1572 4762 erga
1586 4687 1695 4764 ipsum
1710 4701 1833 4762 regem,
1848 4685 1880 4746 et
1899 4697 1954 4761 pa-

320 4797 429 4854 oarus,
444 4781 600 4843 videlicet
620 4779 777 4840 dilectum
797 4779 902 4840 illium
917 4780 1111 4855 magistrum
1165 4785 1251 4846 trem
1285 4789 1358 4862 ejus
1393 4786 1579 4862 opportuno
1618 4785 1766 4860 ternpore
1802 4782 1952 4844 habuisse

321 4877 536 4942 Octauianum
562 4875 801 4937 subdiaconum
836 4877 870 4937 et
903 4875 1111 4952 capellanum
1166 4881 1381 4957 dignoscitur,
1403 4883 1503 4944 etiam
1531 4881 1567 4942 in
1593 4881 1715 4943 affectu
1744 4881 1793 4943 tot
1826 4877 1953 4957 injuriis

320 4977 481 5045 nostrum,
511 4973 701 5034 curarimus
733 4971 912 5046 destinare,
937 4975 972 5034 ut
1005 4973 1112 5050 ipsius
1166 4981 1264 5056 atque
1288 4979 1416 5040 damnis
1443 4995 1660 5056 perseverare
1686 4977 1865 5039 immobilis
1887 4975 1954 5050 dig-

319 5074 410 5150 regis
426 5071 553 5148 gratiae.
568 5083 666 5148 quam
681 5069 784 5130 nobili
796 5069 1001 5132 subtraxisse
1017 5069 1112 5130 dice·
1166 5078 1335 5138 noscatur.

320 5171 419 5233 batur
430 5169 548 5241 eidem,
558 5165 851 5229 reconciliaremus
863 5167 1030 5228 hominem
1044 5169 1112 5230 tam
1207 5173 1301 5234 Unde
1312 5172 1417 5244 decet,
1432 5173 1465 5234 et
1475 5173 1618 5250 expedit,
1636 5171 1673 5234 ut
1687 5171 1758 5248 ipse
1771 5185 1831 5233 rex
1845 5170 1951 5232 taliter

322 5267 506 5346 probatum,
525 5266 659 5342 tamque
677 5263 884 5342 prudentem,
906 5265 940 5326 et
961 5265 1062 5325 ddum
1076 5267 1111 5325 in
1167 5269 1358 5347 acquiescat
1372 5270 1498 5331 nostris
1525 5268 1714 5330 salubribus
1742 5269 1902 5340 consiliis,
1926 5267 1953 5327 et
2032 5347 2033 5354 ἵ

322 5362 417 5442 quasi
443 5375 596 5437 suprema
618 5357 817 5420 necessitate
841 5361 1019 5434 repertum·
1048 5359 1110 5420 Sed
1166 5368 1343 5436 mandatis,
1361 5365 1447 5445 qnod
1463 5381 1529 5426 non
1547 5365 1701 5427 videatur
1720 5380 1762 5426 ex
1781 5365 1845 5427 hoo
1864 5377 1953 5426 suum

320 5465 393 5541 ipse
414 5475 476 5521 rex
496 5471 563 5518 non
586 5456 772 5529 advertens,
797 5456 882 5533 quod
905 5457 940 5517 in
964 5457 1027 5518 boc
1046 5473 1112 5518 non
1168 5465 1284 5526 contra
1308 5480 1369 5526 nos
1385 5465 1531 5526 animum
1546 5461 1750 5534 obfirmasse,
1766 5477 1805 5523 ac
1824 5477 1884 5539 per
1897 5463 1953 5522 boc
2032 5449 2033 5524 ζ

322 5557 428 5636 magis
452 5550 628 5618 utilitatem
649 5553 729 5615 dicti
753 5552 876 5614 nobilis
895 5569 994 5632 quam
1019 5569 1112 5616 suam
1167 5575 1228 5622 nos
1242 5577 1372 5639 quoque
1393 5563 1508 5623 contra
1524 5561 1766 5622 eum-nostrum
1783 5559 1953 5620 obfirmare
2032 5551 2033 5570 .

322 5653 489 5736 propriam
500 5651 809 5732 qttoerehamus‚n00
825 5652 997 5714 abandons
1011 5669 1113 5730 quan·
1169 5657 1288 5720 merito
1301 5657 1491 5720 debeamus.
1508 5645 1657 5720 sciturus
1681 5655 1847 5734 quodnisi
1865 5653 1952 5718 nobis
