4174 6324
920 307 1096 372 HONORII
1119 309 1163 369 III
1184 307 1333 374 OPERA.

620 477 774 564 CXXXI

380 635 432 694 Ad
452 629 650 690 abbatemet
669 632 830 702 pueram
841 629 876 687 s.
889 627 1023 687 Jiutnut

333 730 367 792 ct
380 729 609 791 subdecanum
625 729 659 786 S.
682 726 830 784 blnrtini
845 725 1065 785 Turonensis.

604 857 703 914 imaii
720 855 799 914 1226.

342 983 464 1048 [aman.
481 981 526 1034 lib.
539 982 571 1038 X,
583 995 623 1044 ep.
638 981 693 1032 bol.
707 980 765 1030 llss.
779 979 816 1030 La
831 979 905 1032 Porta
915 977 950 1028 dn
963 975 1057 1042 rheu]

304 1110 358 1166 Dat
371 1108 414 1163 eis
429 1105 605 1178 provinciam
628 1103 874 1175 archiepiscopum
900 1103 1096 1158 Turonensem

336 1195 560 1266 episcopumque
593 1193 839 1250 cenomanensem
873 1189 909 1246 ad
941 1204 972 1246 se
999 1203 1096 1246 coram

337 1283 500 1354 Aposmlim
519 1281 603 1347 Sede,
628 1277 700 1336 inira
724 1279 844 1336 duorum
865 1277 1019 1334 terminum
1043 1291 1095 1334 an·

338 1384 440 1428 norum
454 1369 613 1428 sistendum
627 1367 760 1440 cogendi,
784 1367 838 1424 nisi
861 1379 958 1434 causa,
975 1380 1039 1436 qnae
1051 1365 1095 1422 in·

337 1465 380 1516 ter
395 1459 473 1530 ipsos
485 1456 657 1526 vertebatur,
673 1454 888 1512 accommodata
905 1452 1013 1512 [iisset.

342 1593 522 1659 nonestus,
550 1593 626 1662 etc„
662 1589 791 1651 dilectis
827 1589 943 1649 tiliis...
973 1587 1095 1658 abbati,

303 1691 373 1752 et...
390 1689 492 1766 priori
510 1691 542 1749 S.
557 1691 576 1750 J
580 1687 685 1750 ulianl
698 1689 768 1748 et...
781 1686 969 1746 subdecano
985 1683 1096 1744 Sancti

304 1787 440 1848 Martini
454 1785 670 1856 Turonensis,
686 1785 840 1854 salutem,
868 1783 930 1844 etc.

343 1881 560 1946 venerabiles
573 1881 693 1943 iratres
709 1881 852 1942 nostri...
869 1877 1099 1954 archiepisco-

305 1995 367 2058 pus
379 1979 582 2040 Turonensis
597 1979 666 2039 et...
684 1976 942 2038 Cenomanensis
964 1975 1097 2050 episco-

304 2093 365 2154 pus
377 2077 447 2137 suis
459 2075 555 2136 nobis
566 2075 686 2136 litteris
700 2075 906 2144 intimarunt,
924 2071 1008 2148 quod
1023 2087 1098 2130 cum

304 2189 364 2250 ρνο
380 2187 492 2242 causa,
513 2187 585 2247 quae
601 2171 742 2232 vertitur
757 2171 926 2240 intereos,
941 2169 1051 2228 essent
1064 2167 1098 2226 in

305 2269 390 2330 sesto
400 2267 781 2329 NativitatisDominicae
794 2267 837 2327 ad
850 2269 996 2326 nostram
1012 2281 1100 2341 prae-

305 2365 447 2426 sentiam
476 2365 616 2436 evocati,
645 2363 836 2440 hujusmodi
869 2363 1031 2424 terminus
1058 2361 1099 2420 de

305 2463 478 2540 utriusque
493 2477 658 2522 consensu
673 2459 735 2522 iuit
751 2476 854 2536 usque
878 2459 918 2519 ad
935 2457 1018 2518 duos
1033 2473 1098 2518 an-

305 2575 365 2620 nos
380 2557 441 2619 sub
452 2573 510 2636 spe
524 2560 627 2634 pacis,
642 2559 674 2620 et
689 2557 875 2618 concordiae
888 2557 1096 2634 prorogatus,

307 2657 336 2717 si
348 2657 461 2718 minen
482 2655 516 2716 id
529 2657 617 2716 esset
638 2656 678 2716 de
691 2656 804 2716 nostro
821 2651 1028 2729 beneplacito
1039 2667 1100 2712 vo-

305 2753 455 2826 luntatis,
492 2752 728 2829 supplicantes
763 2753 799 2812 ut
831 2751 938 2812 ratam
974 2748 1097 2810 babere

306 2849 574 2930 prorogationem
627 2848 817 2926 huiusmodi
872 2847 1096 2924 dignaremur.

306 2949 375 3010 Nos
396 2947 500 3024 igitur
523 2947 631 3008 ratam
647 2945 805 3008 habentes
829 2945 1099 3022 prorogationem

305 3045 465 3116 eamdem,
502 3043 696 3104 discretioni
731 3043 851 3104 vestrae
894 3057 953 3118 ρον
992 3043 1101 3116 Apos-

222 3219 229 3228 Ι
304 3141 407 3203 tolica
434 3141 557 3218 scripta
590 3139 797 3210 mandamus,
821 3139 1001 3216 quatenus,
1032 3136 1099 3200 nisi

305 3237 484 3298 concordia
493 3236 712 3298 intervenerit
726 3235 814 3296 inira
827 3235 1007 3296 terminum
1018 3249 1101 3310 prae-

307 3336 468 3405 notatum,
488 3333 685 3394 alletoritate
698 3334 811 3393 nostra
829 3331 1013 3408 injungatis
1033 3331 1100 3392 eis-

306 3431 543 3504 demultum
565 3445 624 3507 ρον
644 3445 690 3500 se,
712 3429 764 3490 vel
785 3444 844 3505 ρον
866 3429 1100 3505 procuratores

304 3529 443 3590 idoneos
458 3528 673 3603 compareant
689 3541 800 3588 coram
824 3525 920 3586 nobis
933 3541 1006 3586 cnm
1023 3540 1101 3600 pro-

305 3623 505 3698 bationibus,
518 3625 551 3685 et
560 3622 745 3684 rationibus
755 3622 832 3682 aliis
842 3622 884 3684 ad
895 3623 1002 3702 ipsam
1011 3637 1101 3697 spec·

305 3721 452 3784 tentibus
465 3721 681 3798 quaestionem
699 3721 836 3796 justam,
859 3721 996 3782 auctore
1019 3721 1099 3790 Dec,

307 3819 505 3880 sententiam
518 3817 695 3894 recepturi.
709 3815 800 3888 Quod
814 3817 842 3876 si
856 3831 922 3876 non
933 3831 1098 3876 omnes...

307 3915 426 3978 Datum
452 3913 620 3986 Laterani,
644 3915 688 3974 Vl
712 3913 873 3982 kalendas
894 3913 990 3984 maii,
1012 3927 1099 3974 anno
1131 3995 1132 4002 ἵ

308 4009 449 4074 decimo.

614 4176 790 4274 CXXXII

306 4329 357 4392 Ad
377 4328 585 4408 manistram
606 4335 640 4390 et
659 4328 791 4401 fratres
806 4328 939 4390 mtlittca
959 4329 1098 4401 Templi.

602 4458 705 4516 bmnii
727 4459 805 4516 lano.

427 4581 518 4644 [Fciam
533 4580 594 4630 God.
608 4580 713 4644 diplom.
727 4581 819 4644 flung,
835 4581 923 4644 lll,!u,
937 4581 989 4646 η]

306 4703 481 4766 Donationes
505 4702 540 4760 ab
561 4701 674 4762 Andrea
699 4717 769 4777 rege
791 4705 945 4776 ilungarie
968 4701 1102 4762 iratribus

342 4793 449 4850 militiae
458 4792 566 4864 Templi
582 4789 672 4850 iactas
686 4799 816 4850 recenset
830 4798 860 4848 et
873 4791 1032 4850 eontlrmat.

347 4922 514 4984 Honorius
525 4923 710 5000 episcopus,
722 4939 838 4986 servus
847 4939 1019 4986 servorum
1028 4928 1098 5000 Dei,

305 5019 435 5083 dilectis
460 5017 540 5078 illiis
565 5019 724 5094 magistro
740 5023 773 5082 et
791 5020 950 5084 iratribus
971 5023 1100 5086 militiae

306 5116 434 5192 Templi
446 5115 481 5177 in
493 5131 595 5191 regno
608 5117 788 5190 Hungariae
804 5120 1002 5191 constitutis,
1016 5119 1102 5182 salu·

307 5215 374 5274 tem
389 5215 422 5273 et
436 5213 659 5289 Apostolicam
674 5211 949 5274 benedictionem.

346 5307 451 5370 iustis
482 5309 662 5390 petentium
689 5307 866 5369 desiderils
888 5310 1024 5386 dignum
1052 5315 1103 5376 est

307 5419 369 5468 nos
392 5403 524 5465 facilem
547 5403 695 5481 praebere
719 5421 932 5480 consensum,
957 5410 990 5470 et
1012 5414 1099 5483 vota,

307 5519 382 5580 qrrae
405 5517 425 5563 a
450 5501 623 5576 religionis
649 5502 781 5564 tramite
806 5519 873 5564 non
899 5505 1100 5580 discordant,

307 5599 429 5661 affectu
454 5599 674 5676 prosequente
701 5600 876 5676 complere.
907 5604 1100 5681 Eapropter,

1904 307 1945 368 08

1155 465 1268 526 dilecti
1297 463 1368 538 tilii,
1396 464 1515 526 vestris
1538 463 1639 545 justis
1669 461 1948 542 postulationibus

1150 565 1246 638 grato
1268 562 1505 624 concurrentes
1528 577 1681 632 assensu,
1696 561 1804 624 erras
1826 560 1860 622 et
1878 560 1949 622 alia

1151 658 1236 718 dona
1253 658 1346 720 vobis
1361 673 1381 718 a
1394 657 1569 718 carissimo
1585 658 1619 718 in
1634 657 1764 718 Christo
1780 655 1849 716 tilio
1862 671 1947 716 nos-

1150 757 1202 816 tro
1223 754 1367 826 Andron,
1383 754 1507 815 illustri
1522 770 1600 830 rege
1615 753 1807 830 ilungariae,
1823 753 1879 830 pia
1898 752 1948 812 li-

1150 850 1326 912 beralitate
1353 851 1487 924 collata,
1512 849 1611 928 prout
1634 849 1668 910 in
1690 850 1797 926 ipsius
1825 849 1949 910 litteris

1152 948 1282 1024 plenius
1297 947 1496 1020 continetur,
1518 947 1604 1008 sicut
1617 963 1657 1007 ea
1677 947 1787 1008 omnia
1803 945 1893 1024 Juste
1906 960 1951 1006 ac

1151 1045 1289 1121 pacifice
1307 1044 1512 1115 obtinuistis,
1529 1043 1624 1106 vobis
1638 1045 1671 1106 et
1684 1059 1743 1120 per
1757 1059 1817 1106 vos
1834 1039 1952 1102 domui

1152 1141 1280 1204 militiae
1296 1143 1424 1220 Templi
1439 1141 1637 1202 auctoritate
1650 1140 1840 1218 Apostolica
1862 1154 1950 1199 con-

1152 1239 1333 1310 firmamus
1361 1241 1393 1300 et
1417 1239 1590 1315 praesentis
1619 1237 1734 1314 scripti
1760 1235 1950 1314 patrocinio

1152 1336 1405 1398 communimus.
1432 1335 1479 1396 Ad
1500 1337 1661 1411 majorem
1684 1335 1794 1396 autem
1809 1333 1858 1394 rei
1873 1331 1951 1392 evi-

1152 1433 1310 1504 dentiam,
1334 1435 1483 1494 tenorem
1515 1433 1702 1494 litterarum
1735 1431 1880 1506 ipsarum
1904 1430 1952 1492 de

1153 1529 1253 1592 verbo
1269 1530 1310 1590 ad
1326 1529 1462 1592 verbum
1478 1529 1699 1608 praesentibus
1722 1527 1877 1590 dommus
1890 1528 1953 1588 in·

1153 1626 1342 1698 serendum,
1360 1627 1417 1704 qui
1431 1626 1509 1689 talis
1524 1629 1574 1688 est
1589 1647 1596 1686 :

1194 1725 1231 1786 In
1262 1725 1396 1784 nomine
1428 1725 1461 1784 S.
1494 1721 1677 1792 Trinitatis,
1704 1722 1737 1782 et
1766 1721 1951 1784 individuae

1155 1821 1309 1884 Unitatis
1337 1821 1513 1892 Henricus,
1535 1819 1592 1880 Dei
1617 1819 1724 1894 gratia
1752 1818 1949 1894 Hungariae,

1154 1917 1338 1990 Dalmatis,
1359 1919 1513 1990 Croatiae,
1530 1919 1708 1998 Ramaeque
1728 1930 1799 1986 rex,
1815 1915 1850 1976 in
1865 1929 1950 1994 per·
2068 1973 2069 1994 ζ

1154 2015 1299 2090 petuam.

1195 2113 1284 2174 Inter
1306 2111 1399 2172 varia
1425 2109 1659 2172 sollicitudinis
1674 2107 1828 2170 humanae
1843 2123 1949 2172 exer-.-
2069 2169 2070 2190 ,

1155 2208 1245 2276 citia,
1273 2223 1312 2268 ea
1338 2207 1434 2268 nobis
1460 2207 1655 2286 praevalere,
1683 2206 1716 2266 et
1741 2205 1781 2266 ad
1806 2205 1950 2266 salutem

1155 2305 1341 2366 animarum
1367 2303 1528 2380 prolicere
1549 2317 1733 2380 speramus,
1757 2318 1855 2380 quum
1876 2303 1952 2362 vis·

1155 2419 1232 2464 cera
1266 2401 1399 2478 pietatis
1425 2402 1458 2462 et
1483 2399 1724 2462 misericordiae
1749 2398 1950 2460 Christianae

1155 2499 1309 2573 religioni
1325 2499 1504 2560 clementer
1514 2497 1713 2574 aperientes,
1728 2497 1760 2558 et
1771 2495 1950 2570 religiosas
2070 2492 2071 2526 ³

1154 2611 1325 2674 personae,
1341 2597 1375 2658 et
1390 2595 1548 2656 ecclesias
1567 2594 1625 2656 Dei
1645 2594 1680 2654 in
1699 2609 1759 2653 suo
1770 2595 1847 2670 jure
1865 2608 1952 2654 con·

1154 2695 1337 2764 servantes,
1346 2693 1386 2752 ad
1396 2691 1618 2768 ampliandam
1628 2689 1949 2761 iidemCatholicam,

1154 2805 1249 2867 opem
1262 2793 1295 2851 et
1304 2805 1439 2866 operam
1450 2791 1572 2850 nostrae
1587 2787 1770 2866 majestatis
1785 2789 1818 2850 et
1831 2785 1951 2848 indus-
2071 2826 2072 2850 l

1154 2888 1227 2948 triae
1253 2887 1289 2947 in
1313 2887 1475 2948 bonorum
1501 2901 1636 2945 suorum
1663 2883 1879 2960 protectione,
1907 2899 1950 2943 ae

1154 2985 1348 3046 defensione
1376 2983 1542 3044 ferventer
1570 2981 1801 3060 impendimus,
1830 2981 1952 3042 Atten-

1155 3081 1269 3144 dentes
1300 3081 1403 3158 igitur
1439 3079 1631 3158 religiosam
1670 3077 1879 3143 devotionem
1915 3081 1952 3140 et

1155 3178 1308 3240 assiduos
1333 3177 1475 3246 labores,
1492 3176 1620 3237 militiae
1642 3175 1768 3252 Templi
1789 3175 1953 3236 Hieroso·

1155 3275 1318 3352 lymitani,
1333 3291 1415 3354 quos
1430 3275 1637 3336 incessanter
1650 3271 1819 3350 perferunt
1832 3273 1950 3332 contra

1155 3373 1309 3433 inimicos
1334 3371 1442 3433 crucis
1472 3370 1604 3441 Christi,
1634 3371 1668 3430 et
1697 3385 1754 3430 eos
1783 3369 1818 3427 in
1848 3368 1951 3428 corde

1155 3471 1268 3530 nostro
1284 3467 1496 3530 laudabiliter
1517 3465 1794 3538 commendantes,
1811 3463 1951 3539 dignum

1155 3566 1311 3628 duximus
1330 3567 1363 3626 et
1381 3565 1548 3635 idoneum,
1567 3561 1780 3639 petitionibus
1800 3561 1951 3637 ipsorum

1156 3663 1288 3724 facilem
1302 3661 1451 3740 praebere
1470 3675 1652 3730 assensum,
1670 3659 1706 3720 ut
1727 3673 1783 3719 eos
1805 3658 1839 3718 in
1861 3657 1950 3718 bono

1156 3758 1342 3820 devotionis
1366 3775 1435 3820 suae
1462 3755 1641 3834 proposito,
1655 3755 1764 3830 gratia
1779 3753 1811 3816 et
1825 3753 1950 3814 virtute

1156 3856 1278 3932 regalis
1293 3855 1511 3926 excellentiae,
1528 3852 1718 3930 specialiter
1739 3850 1899 3921 fovemus,
1915 3851 1952 3911 et

1156 3953 1204 4015 sic
1220 3953 1330 4014 sclicla
1350 3952 1436 4013 lacta
1457 3965 1639 4022 servamus,
1666 3950 1699 4010 et
1722 3947 1843 4010 statuta
1865 3962 1950 4007 con-

1045 4125 1048 4130 ·
1131 4079 1132 4084 ¹
1156 4051 1318 4114 firmando
1345 4049 1472 4112 illibata
1501 4045 1713 4110 custodimus.
1741 4045 1953 4120 Quapropter

1156 4149 1334 4224 cognoscat
1349 4149 1416 4208 tam
1432 4161 1581 4223 praesens
1598 4142 1800 4204 universitas
1821 4141 1950 4214 nostra,

1156 4261 1253 4324 quam
1270 4245 1393 4316 lutura,
1412 4243 1498 4324 quod
1514 4257 1573 4304 nos
1588 4255 1648 4320 pro
1662 4239 1808 4302 remedio
1826 4239 1950 4300 animae

1157 4345 1278 4404 nostrae
1294 4348 1326 4402 et
1340 4356 1571 4402 successorum
1582 4339 1770 4400 nostrorum
1780 4337 1820 4398 ad
1832 4351 1951 4414 preces

1132 4509 1133 4514 .
1156 4441 1306 4515 magistri
1317 4441 1415 4510 Cone,
1431 4453 1470 4499 ac
1483 4437 1595 4498 fratris
1611 4433 1804 4506 Franconis,
1819 4435 1850 4494 et
1862 4431 1953 4494 alio-

1155 4553 1229 4598 rum
1245 4535 1384 4598 fratrum
1397 4551 1501 4598 sacrae
1514 4533 1642 4596 militiae
1655 4531 1794 4610 Templi,
1808 4531 1841 4592 in
1854 4533 1953 4594 Hun-

1156 4635 1265 4712 garia,
1288 4649 1404 4695 omnes
1429 4631 1658 4709 possessiones
1683 4631 1716 4691 et
1734 4629 1845 4690 omnia
1861 4627 1951 4688 bona

1156 4731 1291 4794 mobilia
1313 4733 1345 4792 et
1367 4729 1549 4792 immobilia
1563 4727 1690 4806 Templi
1708 4723 1953 4802 Hierosolymi-

1155 4831 1237 4902 tani,
1254 4845 1327 4908 quae
1342 4831 1378 4890 in
1393 4829 1549 4890 universo
1563 4841 1666 4902 regno
1679 4825 1793 4886 nostro
1809 4823 1900 4899 juste
1913 4821 1952 4884 in

1156 4927 1409 5004 praesentiarum
1436 4923 1618 5001 possident,
1646 4923 1679 4984 et
1704 4921 1739 4982 in
1768 4926 1949 4997 posterum,

1155 5025 1334 5102 praestante
1348 5023 1498 5094 Domine,
1514 5022 1604 5100 juste
1620 5017 1774 5096 poterunt
1793 5015 1948 5094 adipisci,

1157 5138 1222 5183 una
1250 5137 1325 5182 curn
1353 5119 1505 5197 personis
1533 5119 1566 5179 et
1591 5115 1732 5177 subditis
1758 5129 1887 5184 eorum,
1911 5113 1949 5174 in

1156 5233 1258 5296 regno
1283 5221 1396 5280 nostro
1420 5213 1657 5286 habitantibus,
1680 5216 1713 5274 et
1736 5211 1947 5288 legationem,

1156 5318 1254 5392 atque
1265 5315 1397 5391 negotia
1406 5312 1533 5390 Templi
1544 5311 1694 5388 praedicti
1704 5307 1948 5378 exercentibus

1156 5413 1191 5473 in
1214 5412 1452 5489 protectionem
1476 5410 1577 5485 regiae
1602 5405 1805 5468 detensionis
1826 5407 1950 5466 nostrae

1157 5501 1950 5586 suscipimus,ntsubtuitionemajestatisnostras

1157 5607 1333 5682 gaudeant,
1358 5608 1394 5668 ut
1414 5605 1664 5684 prosperentur,
1687 5603 1723 5664 nt
1743 5615 1803 5662 nec
1825 5597 1950 5670 datam,
