4114 6322
289 934 704 1112 runnu
776 933 1671 1110 MATERIARUM

499 1325 598 1407 QUAE
621 1326 663 1392 IN
692 1325 774 1394 HOC
796 1324 940 1394 ΤΗΟΜΟ
964 1323 1117 1407 QUINTO
1142 1324 1448 1394 CONTINENTUR.

890 1616 1061 1628 *-

373 2073 375 2080 y
444 1943 713 2032 HONORII
747 1944 840 2050 Ill,
879 1942 1237 2031 PONTIFIGIS
1273 1943 1510 2031 ROMANI

889 2165 1054 2211 umbrone.

676 2323 787 2388 LIBRI
809 2323 950 2388 DECIMI
973 2323 1259 2390 CONTINUATIO.

122 2607 169 2664 Ad
184 2607 312 2666 abbatem
330 2615 358 2667 et
375 2613 542 2667 mouentum
561 2607 720 2665 monasterii
737 2609 766 2664 S·
786 2608 838 2666 Ri-
887 2546 941 2599 ω’
996 2615 1039 2672 nd
1053 2613 1344 2690 eamdem,quondam
1358 2617 1528 2673 Francorum
1546 2617 1680 2690 reginam.
1758 2547 1816 2677 00219

163 2689 266 2758 cbarii,
282 2689 475 2748 Ambianensis
489 2689 626 2746 dimcesia.
928 2692 939 2744 4
996 2695 1038 2752 hd
1053 2697 1225 2766 Romanum,
1243 2696 1338 2753 Sancti
1354 2695 1451 2768 Angeli
1472 2695 1657 2768 cardinalem,
1673 2699 1708 2755 h.

122 2767 170 2826 Ad
185 2767 319 2824 decanum
331 2775 359 2825 et
372 2769 523 2842 capitulum
535 2769 694 2826 Tmoentes.
927 2771 943 2826 3
1034 2778 1063 2834 S.
1079 2776 1212 2848 legatum.
1781 2781 1815 2834 34)

123 2845 169 2903 ed
187 2845 316 2904 abbatem
340 2855 369 2904 et
391 2857 558 2906 conventum
584 2848 678 2904 Sancti
701 2847 838 2921 ernulpht
996 2855 1039 2912 Ad
1053 2855 1208 2924 Andream,
1223 2871 1316 2928 regem
1331 2857 1491 2928 Hungarim.
1782 2859 1811 2913 3l

163 2927 304 2984 ldetensis.
928 2930 943 2984 4
996 2935 1039 2992 nd
1056 2937 1224 3009 Episcopum
1238 2935 1470 3009 vesprimiensem
1486 2943 1514 2992 et
1531 2937 1710 3012 praepositum

123 3006 170 3062 Ad
181 3007 324 3080 Hugonem
336 3005 370 3064 de
380 3006 685 3077 leziniaco,hlarchiae
696 3007 837 3064 comitem.
873 3006 941 3064 ibid.
1032 3017 1188 3074 Albensem.
1781 3019 1816 3074 35

123 3086 378 3159 Aquuensemet
393 3089 572 3144 vasatensem
587 3087 741 3160 episcopm.
926 3091 943 3145 6
995 3096 1038 3154 Ad
1053 3096 1234 3165 Yolautham,
1250 3096 1373 3168 reginam
1389 3097 1551 3170 Hungariae.
1744 3097 1814 3155 lbid.

122 3166 167 3222 Ad
183 3167 297 3224 abbates
311 3175 339 3222 et
354 3174 521 3224 conventum
538 3166 697 3224 monasterii
710 3165 745 3223 de
759 3169 837 3223 Duu-
996 3177 1038 3232 Ad
1050 3177 1177 3234 abbatem
1189 3183 1410 3250 conventumque
1421 3177 1457 3234 de
1472 3175 1680 3251 Duniermelyn.
1781 3180 1816 3233 36

162 3246 306 3320 fermelyn.
924 3251 942 3306 'l
996 3255 1038 3311 Ad
1054 3257 1171 3328 priorem
1188 3258 1217 3314 S.
1232 3256 1377 3312 Trinitatis
1391 3255 1599 3312 Londoniensis.
1745 3255 1814 3312 lbid.

121 3324 166 3381 Ad
177 3326 337 3399 episcopum
347 3325 542 3398 Glasguensem
552 3331 581 3382 ol
591 3325 718 3382 abbatem
730 3341 763 3382 ⁸0
773 3341 837 3383 00¹¹·
995 3335 1038 3392 Ad
1052 3335 1233 3406 Rodericum,
1249 3335 1487 3408 archiepiscopum
1502 3336 1676 3393 Toletanum.
1781 3337 1815 3392 ³7

160 3413 272 3462 ventum
283 3406 440 3462 monasterii
449 3407 560 3463 Sanctae
570 3403 756 3462 Trinitatisde
765 3407 837 3462 Dun-
996 3415 1037 3470 Ad
1053 3415 1248 3472 monasterinm
1262 3415 1296 3470 de
1308 3415 1522 3488 Beybartingen.
1781 3417 1814 3470 39

160 3485 305 3560 iermelyn.
925 3492 941 3543 8
995 3493 1036 3550 hd
1060 3495 1210 3550 Hauricum
1234 3494 1362 3549 abbatem
1383 3493 1542 3550 monasterii
1560 3492 1595 3548 de
1615 3494 1708 3549 Ellen-

120 3563 166 3620 Au
180 3564 308 3621 abbatem
318 3571 541 3638 conventumque
553 3563 588 3621 de
598 3565 795 3640 Duuiermelyn
808 3571 835 3622 et
1030 3573 1350 3646 heinejuaquelmues.
1743 3571 1813 3631 ibid.

159 3643 302 3714 abbatem,
318 3643 519 3716 canonicosque
530 3643 565 3701 de
576 3644 666 3701 800118
676 3645 705 3700 S·
716 3643 836 3724 Addida}
994 3653 1036 3710 Ad
1050 3654 1210 3726 episcopum
1222 3652 1467 3724 Argentineneem,
1482 3651 1708 3709 archidiaconum

158 3723 296 3782 dioeoesis·
589 3753 592 3760 ¹
870 3723 940 3782 lbid·
1028 3733 1228 3800 libamensem,
1250 3732 1387 3789 decanum
1410 3733 1600 3803 Bivinensem‚
1624 3732 1707 3789 Golo-

120 3803 164 3860 Ad
177 3803 352 3876 episcopum,
367 3801 503 3860 decanum
515 3807 543 3858 at
559 3801 754 3860 scholasticum
768 3803 835 3860 Tor·
1029 3811 1131 3868 niensis
1145 3811 1282 3868 dimensis.
1778 3811 1807 3866 tl

159 3899 317 3940 aucensem.
924 3887 940 3941 9
993 3890 1034 3946 Ad
1048 3891 1201 3948 Jobannem
1215 3893 1243 3947 S.
1260 3891 1372 3964 Georgii
1384 3890 1617 3963 Numburgensis,
1630 3897 1658 3947 et
1671 3888 1706 3947 de

120 3963 164 4020 Ab
179 3964 307 4021 abbatem
322 3961 352 4020 S·
372 3962 533 4034 Ganovetae,
554 3963 702 4034 magistros
718 3962 832 4020 centri·
1029 3971 1105 4028 3445
1116 3971 1264 4028 misnensis
1272 3971 1401 4029 dioecesis
1411 3971 1525 4029 abbates
1535 3978 1563 4029 et
1572 3971 1706 4029 decanum

157 4043 224 4099 dum
238 4042 588 4100 etJobannamdeMonta
601 4042 835 4113 Mirabili,arcbi-
1029 4052 1208 4108 misnensem,
1780 4052 1813 4107 43

157 4123 304 4180 diaconum
318 4122 513 4178 parisiensem.
907 4123 940 4179 44)
993 4129 1035 4185 hd
1047 4137 1183 4186 rectorem
1194 4136 1221 4186 at
1235 4128 1334 4210 iratres
1343 4115 1441 4187 dismas
1451 4131 1480 4186 S.
1492 4128 1607 4186 Joanuia
1617 4129 1708 4186 liran-

121 4202 164 4259 Ad
178 4201 352 4275 episcopum,
370 4201 505 4259 damnum
517 4207 545 4259 at
558 4200 754 4260 scholasticum
768 4201 834 4258 'l'or-
1027 4209 1134 4281 gelista
1148 4215 1226 4266 extra
1242 4208 1360 4266 Blidam.
1779 4207 1813 4261 ll

158 4297 299 4339 naoenses.
910 4283 942 4341 ⁴2
993 4288 1160 4344 Adabbates
1172 4285 1704 4358 Rigniaci‚etGoreuaemetdecanum

120 4362 164 4419 Ad
179 4362 350 4420 Willelmum
364 4361 493 4420 abbatem
508 4363 666 4420 monasterii
683 4363 778 4419 Sancti
792 4363 837 4420 Ja·
1027 4367 1267 4437 virziliacensem,
1284 4365 1531 4424 Autissiodorensis
1549 4371 1577 4421 at
1599 4364 1705 4421 Eduen-

156 4441 220 4500 cohi
233 4441 374 4517 Apostoli,
394 4449 423 4498 et
442 4441 537 4499 Sancti
551 4441 654 4499 Marini
673 4442 838 4500 confessoris
1026 4447 1064 4503 sis
1078 4445 1215 4502 diaecesis.
1779 4444 1812 4499 45

157 4521 192 4578 de
207 4519 339 4578 Pesaelet.
909 4522 942 4578 43
991 4525 1033 4582 nd
1048 4524 1199 4599 capitulum
1214 4523 1441 4596 strigoniensem.
1776 4523 1811 4579 47

119 4601 165 4658 lld
179 4601 349 4657 Friderioum
364 4601 553 4658 Romanorum
567 4600 773 4674 imperatorem.
909 4603 943 4658 47
992 4606 1035 4662 hd
1049 4605 1188 4663 Andream
1203 4619 1293 4676 regem
1310 4605 1517 4676 Hungarorum.
1778 4603 1810 4660 48

117 4681 163 4741 Ad
178 4681 347 4740 abbatemet
362 4689 529 4741 conventum
542 4682 701 4739 monasterii
715 4682 750 4740 de
766 4683 834 4740 Pas·
990 4686 1032 4742 Ad
1048 4685 1201 4743 liebertum
1213 4684 1373 4758 episcopum
1389 4683 1647 4758 wesprimiensem.
1777 4683 1810 4739 49

158 4761 236 4818 salet.
909 4763 942 4819 43
990 4765 1033 4822 Ad
1048 4765 1268 4840 archiepiscopos
1281 4772 1309 4822 at
1325 4764 1470 4839 episcopos
1483 4763 1511 4819 in
1523 4777 1607 4835 regno
1618 4763 1702 4820 Fran·

117 4841 165 4899 Ad
180 4839 418 4913 archiepiscopos,
438 4840 598 4914 episcopos,
614 4840 743 4911 abbates,
760 4841 837 4916 prio·
1025 4847 1088 4904 cim.
1737 4840 1809 4898 lbid.

158 4936 219 4992 res,
234 4919 342 4976 stallos
354 4919 483 4994 praelatos
497 4919 648 4977 llibarnim.
909 4925 942 4979 49
993 4927 1035 4984 lid
1046 4926 1173 4983 abbatam
1186 4931 1214 4982 et
1229 4931 1394 4982 conventum
1405 4925 1434 4980 S.
1446 4921 1575 4980 Germani
1587 4921 1622 4978 de
1637 4923 1703 4979 Pru·

118 5001 164 5058 Ad
179 4999 353 5074 episcopum,
367 4999 502 5086 decanum
517 5000 546 5057 S.
563 4999 696 5073 Stephani
709 5005 737 5059 et
747 5001 836 5058 archi·
1027 5007 1063 5062 tis
1078 5004 1253 5062 Parisieusis.
1775 5003 1810 5056 50

156 5080 304 5136 diaconum
316 5081 491 5138 Trecensem.
908 5085 942 5140 44)
992 5085 1033 5140 hd
1046 5084 1174 5141 abbatem
1189 5085 1217 5140 S.
1232 5082 1346 5140 Martini
1358 5082 1393 5140 de
1408 5081 1550 5152 Gemellis,
1567 5077 1702 5136 archidia-

119 5160 164 5217 nd
188 5159 307 5235 priorem
331 5166 360 5217 et
381 5160 481 5219 fratrea
506 5159 665 5218 Heremitas
682 5160 718 5217 de
740 5161 836 5218 Monte
1026 5179 1126 5222 conum
1141 5164 1252 5238 majoris
1265 5163 1405 5232 ecclesiae,
1422 5169 1450 5219 et
1463 5159 1642 5229 Michaelam,
1660 5173 1704 5215 ca·

158 5240 295 5297 carmelo.
909 5245 938 5300 44
1026 5244 1155 5300 nomicum
1167 5245 1196 5300 S.
1213 5242 1321 5300 Nicolai
1333 5239 1536 5298 Ambianensis.
1775 5239 1805 5292 54

119 5319 165 5376 Ad
174 5319 362 5377 Niooaiensem
370 5325 399 5377 et
408 5319 605 5378 Caesariensem
614 5320 837 5395 archiepiscopos
990 5321 1033 5379 Ad
1049 5322 1176 5378 abbatem
1186 5327 1389 5378 etconventum
1402 5321 1431 5376 S.
1449 5319 1524 5375 Petri
1536 5315 1699 5376 Gandensis.
1772 5318 1807 5370 52

157 5407 186 5456 et
200 5399 328 5458 abbatam
341 5399 445 5457 Montis
460 5400 585 5458 0444544.ἔ
909 5405 943 5460 45
991 5402 1034 5458 hd
1049 5402 1147 5459 iratres
1161 5401 1379 5459 predicatorum
1391 5406 1420 5456 et
1429 5399 1528 5456 iratres
1539 5397 1662 5454 Minores
1676 5397 1703 5452 in

122 5479 166 5537 hd
185 5478 314 5538 abbatem
332 5479 367 5538 da
389 5481 540 5554 Josapbat,
561 5481 785 5541 archidiaconum
808 5487 838 5539 et
1026 5481 1230 5539 Marocbinato.
1739 5473 1808 5536 lbid.

161 5557 349 5617 subdecanum
363 5559 570 5618 carnotensem.
909 5565 943 5619 45
992 5562 1035 5619 Ad
1045 5562 1189 5620 uniuersos
1198 5559 1430 5634 archiepiscopos,
1441 5558 1585 5632 episcopos
1596 5561 1624 5612 et
1636 5554 1704 5613 alios

124 5638 834 5715 hdlngeburgem,quondamFrancorumreginam.
908 5645 943 5700 at
1028 5641 1157 5716 prelatos
1166 5639 1313 5712 Ecclesie,
1328 5639 1514 5714 perhngliam
1526 5636 1701 5695 constitutos.
1775 5636 1810 5690 54
