4114 6322
916 301 1093 365 uoNonu
1113 303 1160 364 111
1180 303 1329 364 OPERA.

665 471 735 558 XX

341 629 394 688 Ad
421 625 576 686 annalem
610 623 644 684 et
669 625 826 696 priorem
846 622 1053 684 monosterii

405 723 607 796 Ursicompi,
623 721 861 782 cisterciensis
874 722 1017 782 ordinis.

570 859 731 918 idecemb.
752 859 831 917 ¹226.

332 985 436 1052 [Peigut
453 983 596 1041 belecourt,
614 983 682 1034 Cart.
701 983 873 1050 d’0urscamp,
887 981 982 1042 0001.
996 981 1066 1047 1811]

304 1109 386 1180 Quod
401 1124 458 1166 non
473 1115 604 1166 tenentur
616 1122 791 1182 cognoscere
803 1107 839 1165 de
853 1108 948 1165 causis
963 1121 1017 1164 nec
1033 1121 1097 1164 0000

352 1197 464 1271 judices
476 1197 506 1253 in
519 1203 664 1270 posterum
675 1197 848 1255 auctoritaie
860 1196 1035 1270 apostolica.

342 1333 510 1394 Honorius
519 1333 706 1410 episcopus,
716 1347 832 1394 servus
843 1331 1095 1402 servorumDei,

301 1429 432 1492 dilectis
447 1429 526 1492 tiliis
539 1429 651 1492 abbati
668 1431 702 1492 01
713 1429 817 1507 priori
826 1429 1022 1490 monasterii
1033 1430 1098 1490 Ur-

301 1527 454 1604 sicampi,
478 1527 709 1588 Cisterciensis
733 1527 872 1598 ordinis,
900 1526 1041 1589 salutem
1065 1527 1099 1588 et

301 1624 808 1702 apostolicambenedictionem.

343 1724 424 1781 Cum
443 1723 578 1798 propter
600 1737 712 1782 rerum
727 1719 900 1798 dispendia
915 1721 948 1782 et
966 1720 1097 1781 labores

301 1833 394 1896 quoe,
409 1819 495 1880 sicut
510 1819 671 1890 asseritis,
690 1835 749 1895 pro
764 1818 886 1890 causis,
908 1834 981 1895 quae
1002 1817 1097 1879 vobis

302 1931 323 1976 a
348 1917 431 1978 Sede
451 1915 640 1994 Apostolica
661 1915 866 1992 delegantur,
891 1915 1021 1992 oportet
1036 1931 1096 1976 vos

301 2014 494 2076 multotiens
509 2013 632 2086 subire,
649 2015 686 2075 ut
700 2014 795 2090 quies
809 2013 986 2074 monastici
1001 2012 1096 2074 ordi-

300 2113 354 2174 nis
383 2111 606 2189 perturbetur,
630 2111 663 2172 et
690 2125 791 2186 grave
811 2109 986 2172 commisso
1001 2109 1097 2172 vobis

301 2207 506 2270 monasterio
535 2206 706 2268 immineat
738 2207 986 2278 detrimentum,
1022 2222 1094 2279 uos,

300 2305 423 2368 vestris
448 2301 746 2380 supplicationibus
767 2302 932 2374 inclinati,
949 2303 1098 2364 auctori-

300 2402 370 2463 tate
394 2400 491 2463 vobis
512 2401 725 2478 praesentium
749 2400 979 2476 indulgemus,
1001 2401 1038 2462 ut
1055 2399 1096 2462 de

300 2498 412 2560 causis
435 2497 603 2575 aliquibus
629 2497 827 2560 auctoritate
849 2497 1041 2574 apostolica
1060 2497 1096 2557 in

299 2595 469 2674 posterum
496 2610 697 2672 cognoscere
731 2595 996 2672 compellamini,
1031 2594 1096 2656 uisi

299 2692 414 2754 forsan
428 2692 569 2754 obtentae
585 2692 626 2752 ad
644 2707 703 2753 vos
718 2692 837 2754 litterae
852 2692 892 2753 de
907 2691 971 2753 bac
986 2691 1097 2752 indul·

300 2791 413 2867 gentia
429 2805 622 2868 expressam
631 2788 988 2852 ieceriutmentionem.
1003 2787 1095 2850 Nulli

301 2903 382 2964 ergo
393 2888 529 2949 omnino
542 2886 713 2948 hominum
727 2887 827 2948 liceat
839 2887 926 2947 hauc
939 2887 1095 2964 paginam

300 2984 527 3046 concessionis
547 2983 742 3060 intringere,
758 2985 812 3046 vel
836 2985 868 3045 ei
888 2999 972 3044 ausu
987 2983 1094 3044 terne-

298 3081 390 3143 rario
404 3082 581 3143 contraire.
595 3081 630 3142 Si
645 3081 719 3158 quis
735 3071 845 3142 autern
856 3081 919 3144 boc
932 3081 1094 3142 attentare

299 3179 559 3256 praesumpserit,
585 3177 847 3254 indignationem
868 3178 939 3250 Dei,
965 3176 1095 3238 ethea-

298 3275 409 3337 torum
432 3275 524 3336 Petri
546 3275 579 3336 et
602 3275 699 3336 Pauli
714 3273 939 3352 apostolorum
960 3276 1043 3350 ejus,
1059 3290 1094 3335 se

298 3372 431 3434 noverit
443 3371 666 3434 incursurum.
679 3373 797 3433 Datum
813 3372 980 3444 Laterani,
996 3373 1026 3432 11
1038 3387 1095 3434 uo-

298 3485 360 3530 nas
388 3468 583 3544 decembris,
620 3469 832 3548 pontificatus
869 3469 976 3532 nostri
1006 3483 1094 3530 auno

299 3567 486 3630 undecimo.

651 3805 741 3891 XXI

296 3967 349 4026 Ad
370 3967 644 4036 thesaurarium,
667 3965 847 4027 cantorem
865 3966 899 4027 et
914 3967 1094 4042 officialem

571 4064 820 4124 nivernenses.

561 4203 580 4260 8
599 4199 729 4258 decemb.
749 4201 827 4260 laid.

329 4327 451 4390 11100001,
461 4323 507 4374 lib.
520 4323 565 4382 lll,
577 4325 654 4390 epist.
663 4323 718 4375 lul.
730 4327 790 4376 llss.
799 4325 915 4376 Lel’orte
924 4325 957 4376 du
969 4325 1061 4391 Theti]

296 4451 412 4510 Mandat
430 4451 472 4506 eis
492 4457 522 4508 ut
541 4451 596 4507 nisi
615 4451 786 4508 canonicum
805 4449 982 4508 obstaculum
993 4465 1093 4509 revera

332 4537 415 4606 obsit,
441 4537 619 4596 Perrcardurn
640 4539 786 4606 clericum,
813 4539 843 4594 in
871 4539 1041 4596 canonicum
1066 4547 1095 4598 01

331 4625 460 4695 fratrem,
480 4625 559 4698 Juxta
583 4625 710 4682 mandeti
730 4626 885 4698 apostolici
907 4625 943 4684 de
962 4613 1018 4684 linc
1033 4627 1093 4699 jam

332 4713 435 4783 datie
459 4713 553 4786 priore
573 4719 602 4770 et
623 4713 747 4786 capitulo
768 4713 965 4787 Vastiguensi‚
989 4714 1090 4772 bituri·

333 4803 429 4859 censis
442 4799 583 4870 dioecesis,
596 4801 684 4874 recipi
694 4800 809 4859 iaciant.

240 4963 243 4972 ·
336 4935 516 5008 Honorius,
536 4937 611 5009 etc,
631 4936 761 5000 dilectis
777 4937 892 4998 illlis...
912 4937 1092 5000 thesaura·

296 5034 385 5096 rio...
402 5032 543 5106 cantori,
567 5032 635 5094 01...
660 5031 794 5094 officiali
809 5033 1020 5108 Nivernensi,
1038 5051 1095 5096 sa·

297 5131 410 5202 lutera,
426 5129 488 5192 etc.

337 5227 483 5288 Dilectus
512 5225 601 5288 tilius
627 5226 818 5288 Poncurdus
845 5227 988 5288 clericus
1012 5243 1093 5306 pro-

297 5325 407 5404 posuit
433 5339 545 5384 ceram
574 5322 686 5392 nobis,
713 5325 798 5402 quod
827 5341 939 5386 cum...
963 5325 1092 5402 priore,

298 5424 331 5486 et
352 5421 498 5500 capitulo
513 5421 746 5497 Vestignensi,
770 5423 988 5484 Bituricensis
1011 5423 1095 5485 (1100-

297 5521 395 5594 00010,
418 5519 610 5582 maudatum
640 5519 673 5581 et
700 5521 902 5599 praeceptum
925 5521 1095 5600 Apostoli-

297 5636 383 5692 cum,
404 5635 477 5696 quse
497 5633 556 5696 pro
578 5617 769 5696 recipiendo
789 5620 879 5682 eoin
895 5619 1093 5682 canonicum

1891 305 1952 366 148

1151 461 1303 524 00010οἱτο
1315 475 1385 524 suae
1399 465 1605 540 receperant,
1615 475 1828 540 nequaquam
1840 462 1951 524 adlm-

1151 560 1242 638 plere
1271 558 1475 633 curantibus,
1503 575 1564 622 vos
1588 561 1721 621 1001010
1748 562 1950 624 executores

1151 659 1431 720 concessissemus
1445 659 1563 729 eidem,
1581 658 1660 720 dicti
1680 658 1773 734 prior
1796 659 1833 719 et
1856 660 1951 734 capi-

1150 755 1268 827 tulum,
1281 756 1414 831 negotio
1435 756 1493 816 diu
1515 756 1686 817 variarum
1710 755 1950 832 exceptionum

1151 851 1336 930 objectione
1371 853 1549 930 protracto,
1580 853 1711 914 demum
1752 853 1951 931 objecerunt

1150 950 1268 1022 eidem,
1293 951 1379 1028 quod
1402 951 1552 1026 tempore
1575 965 1640 1028 quo
1664 951 1796 1012 nostras
1821 949 1866 1011 ad
1891 967 1950 1013 vos

1151 1047 1281 1109 litteras
1319 1049 1558 1124 impetraverat
1591 1049 1950 1110 excommunicationis

1150 1145 1284 1206 vinculo
1303 1144 1478 1207 tenebatur
1500 1161 1560 1222 pro
1583 1146 1763 1222 injectione
1787 1161 1950 1208 manuum

1149 1242 1308 1306 violenta.
1326 1245 1472 1320 Cumque
1489 1244 1564 1320 post
1578 1241 1689 1320 plures
1703 1245 1869 1305 terminos
1886 1243 1950 1304 sibi

1151 1340 1192 1401 ad
1208 1337 1412 1416 probandam
1428 1340 1806 1402 excommunicationem
1830 1341 1950 1419 hujus-

1150 1437 1240 1498 modi
1274 1438 1481 1514 assignatos,
1510 1439 1545 1498 id
1579 1437 1722 1515 probare
1752 1437 1948 1500 nullatenus

1151 1535 1345 1612 potuissent,
1374 1537 1410 1598 ut
1432 1535 1555 1596 diutius
1577 1535 1811 1612 protraherent
1836 1536 1947 1613 ipsum

1151 1633 1332 1709 negotium,
1344 1635 1377 1694 et
1388 1633 1540 1694 eumdem
1555 1633 1713 1694 clericum
1726 1633 1898 1711 expensis,
1910 1649 1949 1695 ac

1151 1729 1319 1792 laboribus
1334 1729 1523 1806 fatigarent,
1538 1731 1579 1791 ad
1594 1729 1798 1808 probandam
1811 1745 1949 1792 excom-

1151 1829 1409 1888 municationem
1422 1828 1614 1902 predictam
1628 1828 1806 1888 terminum
1820 1843 1840 1888 a
1854 1828 1947 1889 vobis

1151 1941 1211 1986 sex
1230 1927 1394 1986 mensium
1416 1925 1647 2001 impetrarunt,
1664 1925 1721 1985 sed
1741 1941 1804 1986 uec
1824 1926 1947 1986 01001-

1151 2023 1483 2084 communicationem
1532 2023 1710 2100 potueruut
1754 2023 1946 2100 hujusmodi

1151 2118 1376 2196 comprobare.
1386 2119 1590 2202 Selgiturad
1601 2120 1863 2181 aliasversutias
1873 2135 1947 2180 con-

1150 2217 1316 2278 vertentes
1330 2217 1497 2289 dixerunt,
1512 2215 1598 2296 quod
1611 2217 1760 2296 recipere
1776 2233 1844 2278 non
1859 2217 1946 2279 tane

1149 2313 1943 2392 bantureumdem,cumjamduosadmandatum

1149 2412 1375 2489 apostolicum
1388 2413 1605 2489 recepissent,
1619 2412 1661 2473 de
1674 2427 1815 2489 quorum
1829 2427 1943 2490 recep·

1149 2509 1241 2572 tione
1265 2510 1301 2570 in
1325 2509 1445 2572 litteris
1464 2510 1588 2571 nostris
1609 2510 1732 2570 mentio
1747 2525 1814 2571 nou
1828 2509 1939 2582 flebat,

1149 2622 1274 2684 vosque
1288 2607 1517 2684 exceptionem
1530 2605 1721 2684 hujusmodi
1736 2621 1795 2685 per
1804 2607 1944 2669 interlo-

1149 2705 1312 2766 cutoriam
1321 2704 1521 2766 senteutiam
1529 2703 1830 2782 approbastis,non
1839 2705 1941 2767 atten-

1149 2802 1275 2870 dentes,
1292 2801 1377 2879 qirod
1393 2818 1455 2864 nec
1468 2802 1503 2862 in
1517 2802 1633 2879 primis
1647 2817 1708 2866 nec
1722 2803 1758 2863 in
1774 2803 1939 2873 secundis,

1149 2900 1261 2961 necin
1277 2899 1385 2960 tertiis
1400 2899 1522 2962 litteris
1538 2915 1638 2976 super
1650 2899 1714 2962 boc
1731 2899 1862 2977 abipso
1881 2899 1942 2961 cle-

1149 2997 1218 3057 rico
1231 2997 1428 3073 impetratis,
1446 2996 1680 3057 continebatur
1704 2997 1764 3058 illa
1778 2997 1938 3066 clausula,

1147 3093 1313 3166 videlicet,
1324 3093 1353 3154 si
1365 3108 1481 3154 eorum
1492 3093 1635 3156 ecclesia
1648 3109 1778 3170 pennos
1792 3110 1860 3156 non
1872 3093 1940 3154 erat

1148 3189 1188 3251 de
1211 3189 1349 3252 alterius
1367 3191 1558 3267 provisione
1572 3192 1722 3266 gravata,
1741 3205 1785 3251 ex
1799 3207 1864 3267 quo
1879 3205 1938 3267 po·

1147 3287 1263 3350 teretis
1286 3287 1476 3360 advertere,
1503 3288 1590 3365 quod
1612 3288 1648 3348 in
1671 3287 1735 3350 boc
1757 3286 1940 3349 feceramus

1148 3385 1180 3446 ei
1203 3384 1346 3460 gratiam
1372 3383 1568 3461 specialem,
1597 3401 1673 3446 cum
1693 3385 1730 3446 in
1753 3383 1940 3461 hujusmodi

1147 3482 1268 3544 litteris
1279 3481 1482 3558 generaliter
1495 3482 1766 3544 consueverimus
1776 3495 1940 3559 apponere

1148 3577 1334 3642 clausulam
1349 3579 1583 3656 praenotatam
1595 3579 1629 3641 01
1640 3579 1669 3640 01
1680 3595 1753 3640 eam
1764 3577 1940 3656 aliquando

1148 3675 1188 3737 de
1203 3675 1341 3752 speciali
1355 3675 1464 3752 gratia
1475 3677 1656 3749 taceamus,
1671 3677 1758 3739 sicut
1770 3675 1806 3737 in
1821 3675 1938 3738 litteris

1148 3773 1286 3834 iacimus
1313 3773 1480 3834 concessis
1513 3773 1637 3834 elerico
1672 3773 1875 3850 supradicto,
1896 3774 1939 3832 'eo

1148 3871 1234 3948 quod
1249 3870 1365 3932 eadem
1375 3870 1517 3931 ecclesia
1530 3871 1570 3930 de
1583 3869 1679 3932 bonis
1694 3871 1939 3946 progenitorum

1148 3970 1220 4044 ejus
1245 3967 1407 4029 asseritur
1428 3982 1502 4028 esse
1524 3965 1639 4038 ditata,
1664 3967 1697 4028 01
1721 3967 1807 4044 quod
1828 3967 1887 4028 diu
1907 3966 1939 4025 iu

1148 4065 1221 4142 ipsa
1247 4064 1419 4126 dicebatur
1446 4065 1588 4126 ecclesia
1623 4064 1824 4138 deservisse,
1855 4062 1938 4142 quod

1147 4163 1248 4224 etiam
1271 4175 1331 4238 per
1353 4161 1491 4222 alterius
1513 4161 1618 4238 partis
1643 4159 1887 4224 consessionem
1907 4161 1940 4220 in

1143 4259 1271 4336 judicio
1304 4258 1425 4320 tactam
1452 4256 1547 4320 vobis
1582 4257 1705 4320 dicitur
1739 4259 1937 4322 constitisse.

1148 4355 1240 4416 Licet
1251 4355 1353 4431 igitur
1366 4354 1453 4416 idem
1470 4354 1609 4415 clericus
1625 4355 1759 4431 propter
1771 4355 1834 4416 hoc
1849 4369 1939 4416 avo-

1146 4451 1198 4514 bis
1220 4453 1355 4513 duxerit
1377 4451 1621 4529 appellandum,
1642 4451 1704 4513 hos
1728 4455 1839 4514 tamen
1864 4467 1937 4514 cre-

1147 4549 1261 4612 dentes
1276 4565 1346 4622 vos,
1364 4549 1449 4626 quod
1471 4548 1598 4610 fecistis
1612 4548 1700 4610 bona
1722 4548 1785 4610 lide
1808 4549 1935 4619 iecisse,

1147 4647 1316 4722 negotium
1333 4647 1443 4723 ipsum
1458 4646 1499 4706 ad
1515 4661 1575 4706 vos
1587 4645 1744 4708 duximus
1769 4647 1940 4708 remitten-

1147 4743 1235 4804 dum.
1247 4743 1389 4822 Ideoque
1400 4742 1594 4804 discretioni
1604 4743 1937 4814 vestraemandamus,

1147 4841 1309 4918 quatenus
1329 4840 1395 4900 nisi
1414 4839 1565 4916 praedicti
1580 4840 1683 4916 prior,
1704 4843 1738 4902 et
1760 4840 1938 4917 capitulum

1146 4937 1234 4998 inira
1256 4937 1444 5015 quindecim
1469 4935 1539 4998 dies
1555 4938 1628 5013 posi
1643 4938 1758 5013 primae
1774 4937 1938 5000 citationis

1146 5035 1290 5096 edictum
1303 5033 1517 5112 probaverint
1531 5033 1654 5094 dictum
1667 5033 1825 5094 clericum
1839 5033 1940 5094 luisse

1146 5133 1280 5194 vinculo
1324 5131 1679 5193 excommunicationis
1724 5131 1936 5202 adstrictum,

1147 5229 1278 5306 quando
1298 5231 1430 5290 nostras
1452 5227 1568 5290 advos
1590 5227 1718 5288 litteras
1740 5228 1938 5304 impetravit,

1146 5343 1205 5388 vos
1221 5327 1305 5404 quod
1319 5325 1360 5388 de
1375 5324 1503 5386 duobus
1516 5325 1647 5386 clericis
1662 5325 1697 5384 in
1713 5325 1855 5388 ecclesia
1870 5326 1939 5402 ipsa

1146 5425 1289 5500 receptis
1305 5423 1483 5500 opponitur
1504 5422 1537 5483 et
1556 5421 1807 5484 confirmatione
1827 5422 1938 5484 statuti

1147 5520 1187 5582 de
1200 5523 1290 5583 certo
1301 5519 1536 5582 canonicorum
1548 5533 1698 5592 numero,
1710 5535 1809 5596 quam
1820 5519 1938 5582 avobis

1147 5619 1343 5696 impetrasse
1374 5617 1538 5689 dicuutur,
1564 5615 1737 5694 postquam
1765 5631 1826 5695 pro
1853 5617 1937 5680 dicto
