4114 6322
241 349 300 409 175
851 349 1027 420 HONORII
1050 349 1094 410 111
1116 350 1263 412 OPERA.
1819 351 1879 410 lto

241 505 347 584 perio,
361 506 620 586 respectoribus
635 509 669 568 et
685 506 869 570 honoribus
885 507 954 568 suis
974 505 1036 568 sub
1063 470 1072 496 Ι
1091 505 1233 570 sumitur
1257 505 1354 568 fldem
1386 501 1577 588 bominibus
1600 507 1803 579 servaturus,
1830 509 1890 586 qui

240 603 330 666 beati
342 606 431 666 Petri
442 607 475 666 et
485 605 598 664 nostra
609 604 815 681 protectione
825 604 1035 682 suscipimus,
1092 619 1196 666 verax
1210 603 1275 681 ipsi
1291 617 1357 664 uon
1373 603 1480 680 potest
1494 603 1639 664 existere
1653 604 1807 680 veritati;
1830 621 1892 666 no-

241 701 938 777 districtiusinhibentesnequisinterimea
948 700 1038 760 iuva·
1091 702 1253 764 bilitatem
1265 702 1356 762 tuam
1370 715 1537 776 rogamus,
1550 717 1722 762 monemus
1733 705 1766 763 et
1778 702 1892 764 horta·

241 798 330 870 dere,
342 797 493 858 minuere
508 797 560 858 vel
573 797 668 858 modo
684 797 831 874 quolibet
842 797 1038 874 perturbare
1093 815 1166 858 mur
1176 799 1313 870 attente,
1329 814 1388 875 per
1399 798 1721 874 apostolicascripu
1732 799 1893 860 mandan-

240 895 432 972 praesumat,
442 885 499 954 sed
509 893 957 970 usqueadreditumejussub
967 909 1039 969 spe·
1091 897 1153 968 tes,
1170 898 1333 972 quatenus
1355 895 1609 970 promissionem
1633 897 1724 956 tuam
1746 894 1893 958 fideliter

242 991 320 1054 ciali
336 991 534 1067 apostolicae
552 992 646 1052 Sedis
666 993 699 1052 et
713 992 1038 1068 archiepiscoporum
1093 1007 1307 1069 prosequens,
1333 994 1448 1054 contra
1482 993 1681 1054 memoratos
1713 992 1892 1054 haereticos

242 1090 276 1150 et
289 1089 519 1166 episcoporum
542 1089 734 1150 defensione
747 1089 853 1148 libera
874 1091 907 1149 et
927 1088 1037 1164 quieta
1094 1105 1250 1150 unacum
1267 1089 1424 1166 praedicto
1448 1089 1701 1166 archiepiscopo
1726 1090 1890 1166 procedas

242 1186 438 1248 consistant.
456 1187 619 1258 Quocirca
642 1185 835 1248 discretioni
848 1185 968 1246 vestrae
981 1199 1040 1262 per
1093 1185 1237 1248 viriliter
1251 1187 1283 1246 et
1298 1187 1466 1262 potenter;
1490 1187 1627 1248 acturus
1651 1187 1698 1246 ita
1720 1187 1892 1248 exanimo

242 1284 432 1360 Apostolica
446 1284 570 1360 scripta
585 1283 810 1360 praecipiendo
831 1283 1037 1354 mandamus,
1093 1299 1229 1344 causam
1245 1283 1378 1354 Christi,
1402 1282 1488 1360 quod
1504 1283 1647 1358 gratiam
1667 1283 1891 1360 inpraesenti,

244 1381 418 1458 quatenus,
433 1382 461 1440 si
480 1382 536 1458 qui
552 1381 667 1442 contra
683 1379 939 1458 prohibitionem
955 1395 1038 1440 nos·
1095 1384 1127 1443 et
1146 1382 1179 1442 in
1204 1380 1316 1442 futuro
1331 1381 1471 1456 gloriam
1487 1380 1659 1442 merearis.
1675 1381 1832 1458 Alioquin
1848 1397 1895 1443 ne

1094 1477 1154 1540 tibi
1169 1479 1285 1539 contra
1301 1477 1440 1538 salutem
1462 1479 1554 1538 tuam
1574 1479 1674 1540 noxie
1689 1477 1891 1551 deferamus,

161 1495 164 1517 ⁸
243 1479 330 1539 tram
345 1494 429 1538 ausu
450 1479 628 1540 temerario
645 1479 828 1549 venientes,
850 1477 956 1554 ipsius
971 1477 1039 1538 im-

244 1567 411 1652 peratoris
427 1577 572 1638 honores
599 1577 632 1638 et
652 1579 743 1654 jura,
758 1591 831 1652 quae
853 1574 941 1635 infra
958 1574 1040 1635 lines

243 1674 310 1736 tuae
323 1672 527 1750 metropolis,
545 1673 648 1734 frater
662 1673 925 1750 archiepiscope,
949 1671 1039 1732 obti-

244 1773 314 1841 net,
337 1769 497 1832 invadere
518 1771 570 1831 vel
593 1771 744 1830 minuere
759 1786 818 1830 seu
834 1769 1042 1846 quomodoli-

243 1867 300 1928 bet
314 1869 563 1944 praesumpserit
586 1866 732 1928 indebite
749 1866 955 1944 perturbare,
973 1867 1039 1926 hu-

241 1963 1039 2042 jusmodipreesumptores,undecumquefuerint,

246 2063 283 2123 ut
297 2078 316 2123 a
332 2078 392 2122 sua
408 2062 665 2138 praesumptione
679 2061 840 2122 desistant
853 2063 885 2122 et
899 2062 939 2122 de
956 2075 1043 2136 prae-

246 2160 385 2236 sumptis
398 2159 543 2220 debitam
559 2157 819 2220 satisfactionem
838 2157 1039 2234 impendant,

246 2257 429 2318 monitione
449 2256 631 2332 praemissa,
647 2271 706 2334 per
719 2255 1040 2318 excommunicatio-

246 2353 373 2416 nemin
397 2368 556 2432 personas
584 2357 618 2415 et
643 2353 854 2414 interdictum
875 2353 1041 2414 incorum

245 2455 366 2524 terras,
383 2449 607 2528 appellatione
636 2452 774 2517 remota,
798 2451 936 2528 cogatis,
954 2466 1040 2528 quo-

246 2549 334 2611 tiens
358 2548 489 2610 fueritis
508 2545 673 2626 requisiti.
697 2547 788 2620 Quod
813 2547 842 2607 si
863 2563 930 2608 non
945 2547 1041 2608 ambo

229 2645 302 2706 his
324 2645 545 2723 exsequendis
564 2645 739 2722 potueritis
763 2645 935 2716 interesse,
957 2645 1042 2706 alter

248 2745 456 2804 vestrumea
480 2742 698 2802 nihilominus
713 2743 948 2818 exsequantur.
975 2745 1042 2802 Da-

251 2841 320 2902 tum
336 2840 506 2912 Laterani,
524 2839 634 2900 idibus
652 2841 814 2916 januarii,
831 2839 1041 2917 pontificatus

250 2937 357 3000 nostri
378 2953 466 2999 anno
483 2937 668 2998 undecimo.

583 3167 707 3256 XLIV

247 3319 299 3380 Ad
325 3319 518 3380 Iohannem
541 3317 662 3378 natum
688 3318 906 3393 Margaritae,
929 3333 1040 3391 quou-

277 3418 359 3476 dam
374 3415 762 3490 Constantinopolitano
773 3415 1020 3490 imperatricis.

516 3543 550 3602 lt
558 3543 681 3617 junuarii
695 3545 775 3604 liii.

397 3665 490 3732 [Pejor.
504 3666 565 3718 uod.
580 3665 698 3730 diplom,
713 3666 756 3726 lll,
767 3680 796 3726 n,
812 3665 879 3732 lon]

248 3793 320 3851 Eum
334 3791 370 3850 ad
384 3791 594 3865 expeditionem
606 3799 704 3848 contre
718 3792 886 3861 Petarenos,
897 3790 950 3848 sub
960 3805 1039 3850 com-

308 3881 466 3938 minatione
485 3879 800 3948 excommunicationis,
820 3879 973 3952 compellit.

287 4012 468 4084 Honorius,
492 4014 567 4082 etc..
594 4012 714 4074 dilecto
737 4011 806 4074 illio
837 4012 940 4073 nobili
968 4013 1041 4075 viro

246 4111 404 4181 iohanni,
421 4111 499 4170 nato
523 4109 645 4170 nobilis
667 4109 816 4170 mulieris
836 4111 1039 4186 Margaritae,

247 4207 412 4286 quondam
424 4207 648 4284 imperatricis
654 4207 1039 4284 Constantinopolitanae,

247 4307 399 4377 salutem,
415 4307 477 4368 etc.

287 4401 494 4478 Significavit
508 4401 603 4463 nobis
618 4401 821 4463 venerabilis
841 4401 944 4464 frater
958 4417 1040 4464 nos·

1095 1576 1225 1638 dilectis
1241 1575 1320 1638 filiis
1336 1575 1513 1651 praeposito
1528 1575 1561 1636 et
1582 1575 1741 1650 magistro
1756 1576 1894 1652 Ypolito

1095 1675 1256 1735 canonico
1271 1671 1481 1740 Albensibus,
1501 1673 1757 1750 vesprimiensis
1773 1671 1894 1734 dioece-

1096 1773 1152 1839 sis,
1168 1771 1291 1832 nostris
1306 1770 1423 1832 damus
1437 1769 1557 1830 litteris
1570 1770 1605 1830 in
1618 1770 1794 1842 mandatis,
1809 1772 1891 1832 uite

1096 1869 1135 1929 ad
1148 1868 1379 1945 complendum
1393 1866 1603 1944 promissum,
1616 1866 1702 1944 quod
1712 1867 1784 1928 sine
1794 1867 1893 1943 gravi

1097 1969 1231 2042 peccato
1245 1981 1310 2026 non
1331 1979 1467 2026 servare
1489 1979 1556 2026 non
1578 1967 1682 2040 potes,
1699 1979 1895 2042 percensu-

1096 2079 1167 2124 ram
1193 2063 1468 2134 ecclesiasticam,
1499 2061 1721 2140 appellatione
1751 2064 1892 2130 remota,

1096 2159 1228 2236 cognita
1243 2160 1383 2220 veritate
1407 2159 1617 2235 compellant.
1644 2159 1762 2220 Datum
1786 2161 1891 2220 Late-

1096 2258 1182 2328 rani,
1198 2259 1304 2318 XVlll
1318 2255 1478 2318 kalendas
1493 2255 1665 2328 februarii,
1680 2255 1893 2333 pontificatus

1097 2355 1202 2418 nostri
1217 2369 1305 2416 anno
1321 2354 1507 2416 undecimo.

1184 2671 1237 2735 Ad
1260 2673 1482 2736 Thcutonicos
1504 2677 1596 2736 cives
1621 2675 1663 2736 de
1686 2675 1796 2735 Visbu.

1363 2795 1529 2868 lijonuarii
1545 2795 1625 2852 1227.

1206 2909 1398 2976 [Turqenevius,
1414 2911 1480 2959 Mon.
1495 2907 1601 2970 nussim,
1615 2909 1781 2976 1,2o,n.2o.]

1096 3027 1130 3084 lu
1144 3025 1225 3084 Sedis
1244 3026 1414 3098 Apostolicce
1433 3026 1550 3082 tutelam
1565 3025 1748 3098 recipiuntur,
1764 3039 1800 3084 eo
1816 3025 1894 3098 quod

1256 3112 1415 3188 neophytos
1428 3114 1552 3171 Estonioe
1564 3111 1729 3172 defenduut.

1136 3240 1302 3304 Honorius
1344 3242 1530 3318 episcopus,
1568 3255 1684 3302 servus
1716 3254 1890 3301 servorum

1097 3339 1192 3399 Dei...
1209 3337 1423 3398 'theutonicis
1440 3337 1568 3398 civibus
1583 3337 1624 3398 de
1638 3335 1742 3398 Visbu
1755 3335 1891 3398 inhabi-

1096 3434 1258 3497 tatoribus
1272 3433 1455 3506 Colandiae,
1473 3435 1535 3496 etc.

1136 3533 1206 3594 Etsi
1234 3533 1370 3592 cunctos
1397 3531 1519 3592 Christi
1554 3529 1670 3592 fideles
1697 3529 1891 3607 Apostolica

1097 3629 1198 3692 Sedes
1214 3631 1370 3706 tanquam
1385 3627 1441 3704 pia
1456 3631 1561 3690 mater
1575 3628 1670 3703 gerat
1684 3628 1719 3688 in
1742 3627 1890 3690 visceri-

1095 3725 1157 3788 bus
1171 3726 1332 3796 caritatis,
1346 3739 1405 3786 eos
1415 3727 1537 3795 tamen,
1554 3739 1637 3802 quos
1655 3725 1689 3784 in
1702 3723 1766 3785 fide
1781 3723 1892 3786 stabi-

1096 3823 1157 3895 les,
1172 3827 1205 3884 et
1218 3825 1253 3882 in
1266 3837 1366 3898 opere
1386 3822 1549 3899 conspicit
1563 3821 1727 3893 efficaces,
1753 3821 1892 3898 speciali

1096 3920 1284 3982 dilectionis
1300 3920 1421 3981 aflectu
1443 3919 1676 3995 complectens,
1693 3920 1784 3980 tanto
1800 3919 1896 3994 ipso-

1096 4033 1169 4078 rum
1185 4018 1270 4079 votis
1293 4017 1382 4078 favet
1401 4015 1630 4080 favorabilius.
1647 4019 1769 4093 quanto
1791 4015 1894 4077 iidem

1096 4119 1168 4190 ejus
1183 4115 1323 4190 gratiam
1338 4113 1433 4190 quasi
1456 4114 1600 4190 propriis
1612 4114 1740 4176 meritis
1756 4113 1819 4174 sibi
1835 4113 1892 4174 vi-

1095 4211 1216 4272 dentur
1226 4211 1350 4286 Justius
1365 4209 1554 4272 vendicare.
1575 4212 1654 4270 Cum
1679 4209 1792 4285 igitur,
1806 4210 1894 4272 sicut

1096 4309 1294 4385 accepimus,
1310 4307 1381 4368 zelo
1408 4305 1485 4367 fidei
1511 4307 1710 4368 Christianae
1737 4306 1893 4368 succensi

1096 4407 1227 4468 noviter
1241 4420 1420 4466 conversos
1435 4403 1477 4465 ad
1500 4403 1598 4464 fidem
1613 4405 1648 4464 in
1664 4403 1814 4480 partibus
1829 4403 1891 4464 Li-

245 4505 309 4572 ter,
326 4500 596 4575 archiepiscopus
618 4500 821 4571 colocensis,
838 4500 924 4576 quod
943 4502 978 4562 tu
993 4503 1042 4560 CC
1095 4505 1214 4574 venire,
1233 4505 1266 4564 et
1281 4502 1423 4564 Estcniae
1435 4518 1454 4562 a
1468 4502 1736 4578 persecutoribus
1749 4501 1893 4562 sollicite

247 4597 370 4658 marcis
394 4597 537 4672 receptis
557 4596 598 4656 ab
614 4612 665 4668 eo,
682 4597 791 4658 crucis
813 4599 845 4657 te
868 4598 1041 4672 signaculo
1095 4600 1291 4670 defendatis,
1310 4602 1378 4660 tam
1403 4599 1555 4675 paganis,
1572 4614 1670 4674 quam
1691 4599 1830 4660 Rutenis
1845 4598 1894 4658 vi-

248 4694 417 4768 insignistl
432 4695 548 4754 contra
572 4693 750 4754 haereticos
777 4693 818 4752 de
838 4695 961 4754 Bosnia
979 4711 1042 4770 pu-
1095 4698 1205 4759 rilitcr
1227 4696 1427 4768 obsistendo,
1445 4711 1516 4766 nos,
1530 4696 1650 4780 vestris
1669 4695 1892 4772 supplicatio-

245 4794 419 4866 gnaturus.
437 4789 504 4866 Sed,
516 4805 727 4866 nequaquam
751 4790 937 4862 attendens,
954 4793 1040 4868 quod
1096 4795 1193 4855 nibus
1208 4795 1405 4864 annuentes,
1422 4809 1493 4862 vos,
1517 4793 1698 4864 civitatem,
1714 4795 1747 4854 et
1761 4793 1894 4869 portum

246 4887 343 4960 fallit,
358 4915 399 4932 -
410 4887 467 4961 qui
481 4889 583 4946 Deum
598 4887 713 4957 credit,
735 4919 774 4932 -
789 4888 846 4964 qui
860 4889 1041 4950 secundum
1096 4893 1242 4952 vestrum
1258 4889 1319 4950 sub
1343 4888 1432 4950 beati
1456 4888 1547 4950 Petri
1573 4890 1606 4949 et
1627 4891 1742 4950 nostra
1757 4889 1892 4965 protec-

246 4983 440 5062 Apostolum
455 4983 591 5042 minime
610 4983 779 5055 irridetur,
803 4983 860 5046 sed
876 4983 1041 5046 derisores
1095 4987 1185 5048 tione
1209 4987 1419 5063 suscipimus,
1444 4987 1477 5047 et
1501 4987 1674 5061 praesentis
1697 4985 1813 5061 scripti
1826 5001 1891 5062 pa-

246 5084 318 5158 ipse
332 5081 469 5153 deridet,
489 5079 725 5142 contradictus
740 5081 914 5142 haereticos
927 5081 1043 5143 hacte-
1095 5085 1238 5146 trocinio
1253 5083 1506 5153 communimus,
1524 5082 1716 5158 expressius
1731 5081 1891 5144 inhiben-

247 5195 311 5240 nus
334 5195 401 5240 non
427 5178 552 5240 curasti
579 5176 770 5254 procedere,
787 5177 828 5238 ab
848 5177 963 5240 eodem
982 5195 1041 5240 ar·
1095 5183 1145 5243 tes
1161 5181 1297 5257 nequis,
1314 5196 1373 5257 pro
1386 5195 1426 5240 eo
1442 5179 1527 5256 quod
1550 5179 1591 5240 ad
1606 5179 1840 5252 Osilianorum,
1856 5182 1893 5243 et

247 5275 458 5353 chiepiscopo
470 5275 594 5352 pluries
608 5275 805 5352 requisitus;
818 5275 885 5352 qui,
899 5275 928 5336 si
941 5290 1041 5352 prop-
1095 5279 1237 5340 aliarum
1265 5278 1413 5354 gentium
1429 5275 1683 5339 conversionem
1705 5277 1889 5350 intenditis,

245 5377 297 5438 ter
311 5375 374 5435 hoc
396 5371 480 5434 nihil
495 5373 690 5448 recepisses,
717 5371 1041 5434 deberesnihilomi-
1094 5375 1188 5440 vobis
1219 5374 1405 5436 molestiam
1443 5373 1576 5446 inferat,
1606 5373 1658 5434 vel
1695 5389 1890 5449 gravamen.

245 5487 309 5534 nus
333 5487 376 5532 ex
398 5470 510 5531 animo
542 5470 696 5546 persequi
723 5469 877 5547 perfidos,
904 5470 940 5532 ut
962 5470 1039 5532 fidei
1094 5472 1185 5533 Nulli
1201 5485 1292 5547 ergo,
1304 5473 1380 5543 etc,
1397 5474 1520 5532 nostrae
1536 5470 1764 5546 protectionis,
1774 5471 1836 5532 etc.
1854 5471 1891 5532 Si

244 5572 311 5632 tuae
338 5567 489 5646 probatio
512 5567 635 5628 clarius
666 5567 824 5629 eluceret.
853 5567 937 5639 Quia
959 5583 1039 5630 vero
1094 5569 1384 5647 quisquemon.
1406 5570 1524 5629 Datum
1548 5568 1807 5636 Laterani,le
1828 5567 1893 5630 la-

245 5667 398 5746 displicet
412 5669 489 5728 beo·
504 5665 680 5743 promissio
699 5665 855 5738 infidelis,
874 5681 933 5728 nec
948 5681 1038 5744 pree·
1093 5666 1209 5729 lendes
1226 5665 1396 5738 februarii,
1413 5679 1501 5728 anuo
1514 5665 1700 5726 undecimo.
