4114 6322
294 350 332 412 er
912 339 1088 404 nonosu
1110 339 1155 402 ιιι
1177 331 1325 404 ornan.
1911 341 1956 402 ee
2045 309 2046 320 '

294 509 436 573 candere
450 505 630 583 cupientes,
647 503 707 566 tibi
721 502 763 564 de
776 504 871 578 cujus
887 501 1088 564 discretione
1142 501 1175 562 et
1189 499 1335 575 collegas
1356 497 1464 574 ipsius
1488 495 1619 560 nostras
1641 499 1784 564 obtinuit
1807 501 1953 564 litteras

294 608 441 685 gerimus
456 603 610 664 fiduciam
626 601 822 678 pleniorem,
845 600 937 660 vices
956 602 1087 662 nostras
1143 595 1360 666 continentes,
1377 597 1414 656 ut
1427 595 1582 672 episeopo
1594 597 1627 658 et
1642 597 1754 660 abbati
1767 599 1882 660 eidem
1899 598 1953 658 in·
2045 613 2046 668 3

295 720 396 780 super
419 703 481 762 boe
501 700 656 762 duximus
674 697 937 767 committendae,
961 696 1087 757 irater·
1138 693 1327 767 jungerent,
1353 692 1441 768 quod
1462 693 1702 756 concordarent
1721 695 1756 756 in
1780 695 1950 762 arbitros,

295 801 391 862 nitati
403 801 466 861 ture
478 796 733 874 perApostolica
745 795 869 870 scripta
880 792 1085 863 mandantes,
1142 789 1199 866 qui
1218 790 1459 864 cognoscerent
1477 791 1518 852 de
1537 792 1648 852 causis
1663 792 1869 868 suspicionis
1887 792 1954 854 ob-

295 897 456 975 quatenus
477 895 659 975 memorato
679 892 838 968 magistro
854 892 890 952 in
903 890 1015 967 aliqua
1031 905 1088 950 ec-
1138 887 1236 962 jectis
1246 887 1949 966 praedictoepiscopoinsuperinjungendo,

294 995 473 1057 etesiarum
501 993 537 1054 in
558 1007 623 1068 qua
641 990 760 1052 melius
782 988 940 1065 expedire
961 987 1088 1048 rideris
1142 984 1179 1044 ut
1201 985 1268 1046 nisi
1296 986 1569 1060 pronuntiaretur
1592 1001 1666 1048 esse
1691 991 1884 1064 suspectus,
1912 987 1951 1048 iu

294 1091 470 1169 provideas
491 1089 749 1166 praemissarum,
765 1087 800 1148 in
814 1085 976 1148 beneficio
996 1100 1086 1160 prae·
1141 1081 1275 1156 negotio
1291 1081 1484 1158 procederet
1494 1084 1592 1158 justa
1611 1084 1763 1146 traditam
1783 1085 1851 1146 sibi
1874 1085 1951 1144 lor-

293 1186 427 1250 bendali
454 1186 564 1261 ipsum
601 1183 643 1244 ab
668 1184 774 1260 ipsius
808 1180 952 1258 capitulo
982 1181 1087 1256 recipi
1142 1193 1240 1247 mam,
1262 1179 1295 1240 ot
1316 1179 1355 1251 si,
1371 1179 1459 1240 intra
1480 1180 1656 1240 terminum
1671 1181 1790 1242 sibiab
1809 1181 1949 1244 eisdem

293 1285 420 1348 taciens
442 1282 477 1344 in
499 1281 707 1352 canonicum,
732 1281 764 1342 et
783 1281 818 1342 in
838 1279 986 1340 tratrem.
1001 1279 1088 1340 Con-
1137 1275 1308 1362 judicibus
1335 1276 1583 1352 praefigendum,
1612 1279 1715 1340 nollet
1735 1281 1771 1340 in
1793 1279 1948 1342 arbitres

292 1381 500 1448 tradietores,
523 1381 585 1440 ete.
607 1379 725 1441 Datum
742 1377 908 1450 Laterani,
929 1379 991 1438 xli
1016 1375 1084 1436 bal.

290 1477 390 1555 junii,
405 1491 493 1538 anno
508 1476 649 1537 decime.

646 1695 727 1782 GLI

293 1849 345 1910 Ad
359 1847 495 1908 abbates
510 1849 545 1910 S.
568 1815 734 1908 deterunt
752 1847 1001 1920 Appamnrnm,
1021 1847 1087 1904 La-

331 1946 504 2006 sotensem
517 1945 551 2006 ct
566 1946 798 2014 aradiensem,
813 1946 985 2004 Totosonae
996 1944 1085 2002 dtoe-

331 2045 430 2103 cesis.

577 2117 612 2173 23
630 2115 697 2172 maii
718 2115 797 2172 ltili.

317 2239 438 2301 litamen,
450 2238 495 2288 lib.
508 2239 541 2300 X,
555 2237 628 2301 epist.
640 2237 694 2286 268.
708 2239 765 2288 bles.
777 2239 814 2288 La
828 2237 903 2286 Porto
917 2237 951 2286 du
965 2235 1058 2298 Theti]

291 2361 407 2421 blandai
421 2361 464 2418 eis
477 2368 505 2418 ut
522 2376 685 2433 processum
706 2361 741 2418 ab
760 2361 894 2434 episcopo
906 2361 1085 2433 bigorritano

326 2466 411 2523 super
424 2449 607 2521 inquisitione
622 2449 787 2506 monasterii
802 2449 1010 2508 Condumensis
1023 2463 1087 2505 exa·

326 2539 446 2606 minent,
468 2545 497 2594 ot
517 2537 541 2594 si
562 2535 655 2594 dictus
680 2551 831 2610 processus
851 2537 1008 2594 canonieus
1028 2552 1085 2594 nou

325 2628 405 2684 visus
421 2625 514 2693 luerit,
535 2639 651 2682 causam
672 2624 707 2680 ad
723 2624 855 2681 abbatem
871 2626 1023 2682 Exiensem
1038 2639 1082 2681 re-

326 2715 453 2782 mittant;
469 2713 494 2770 si
510 2727 578 2768 vero
597 2713 753 2769 eanonicus
772 2712 866 2782 luerit,
884 2713 961 2770 illum
982 2711 1087 2772 lactant

325 2800 694 2859 iuviolabiliterobsermrt.

328 2935 497 2997 Honorius
507 2936 692 3012 episcopus,
703 2951 820 2996 servus
832 2951 1004 2998 serrorum
1013 2937 1084 3008 Dei,

291 3032 421 3093 dilectis
449 3031 566 3092 liliis...
599 3031 710 3092 Sancti
734 3031 896 3092 Antonini
919 3034 1087 3107 Appama-

289 3145 416 3190 mum...
429 3128 613 3199 basatensi,
629 3127 697 3188 et...
711 3128 886 3188 basiliensi
898 3127 1082 3199 abbatibus,

292 3226 465 3288 Tolosanae
482 3225 646 3296 dioecesin,
661 3225 800 3285 salutem
817 3224 849 3285 et
861 3224 1085 3300 Apostolicam

292 3321 568 3384 benedictionem.

329 3421 379 3478 Ex
411 3417 638 3478 insinuatione
669 3417 851 3478 conventus
887 3418 1085 3480 monasterii

230 3573 232 3578 .
290 3515 530 3577 Gondumensis
564 3515 661 3576 nobis
696 3514 852 3588 innotuit,
888 3515 975 3592 quod
1010 3531 1085 3576 eum

290 3612 369 3676 olim
398 3627 499 3688 super
526 3611 742 3690 inquisitione
769 3611 921 3672 iacienda
947 3613 983 3673 iu
1012 3613 1086 3689 ipso

289 3709 570 3770 monasteriolam
583 3709 617 3770 in
633 3709 741 3786 capite
755 3725 852 3786 quam
866 3709 901 3769 iu
913 3709 1082 3782 membris,

289 3805 439 3885 quaedam
454 3805 651 3884 apostolicae
666 3806 785 3867 litterae
801 3805 842 3866 ad
858 3805 1084 3868 venerabilem
1115 3885 1116 3888 Ἴ

289 3903 425 3966 tratrem
450 3904 637 3963 nostrum...
666 3903 871 3964 auxitanum
898 3903 1085 3978 archiepis·
1115 3895 1116 3972 J

289 4015 418 4076 eopum,
432 3997 510 4060 tune
523 3999 770 4075 Bigorritanum
781 3999 982 4075 episcopum,
997 4015 1084 4060 ema·

288 4096 435 4168 nossent,
451 4095 484 4156 et
497 4095 573 4156 aliae
589 4095 796 4172 postmodum
809 4110 828 4156 ι
843 4095 939 4156 nobis
953 4111 1084 4172 proees-

290 4194 405 4264 serint,
436 4191 523 4254 sicut
548 4192 681 4264 dicitur,
713 4192 834 4254 litterae
862 4193 1082 4264 continentes,

289 4290 423 4370 quodsi
448 4305 507 4366 per
530 4289 782 4368 inquisitionem
803 4291 910 4366 ipsam
930 4289 1082 4352 abbatem

289 4388 497 4464 contingeret
509 4387 668 4460 amoveri,
684 4388 724 4449 de
737 4387 844 4464 ipsius
855 4387 997 4449 consilio
1010 4403 1084 4463 pro-
1115 4453 1118 4463 ,

287 4485 457 4548 uideretur
483 4485 686 4546 monasterio
711 4483 751 4544 de
772 4483 903 4552 abbate,
928 4487 1084 4544 recusato

286 4581 420 4644 tandem
433 4583 529 4652 eo,ut
543 4581 706 4655 suspecto,
719 4581 950 4657 propterquod
965 4581 1083 4642 baberi

286 4694 354 4740 non
369 4677 475 4755 potuit
490 4677 526 4736 in
545 4675 761 4752 inquisitione
783 4691 971 4754 processus,
995 4677 1082 4738 idem

286 4776 462 4852 episcopus
486 4773 688 4850 generaliter
716 4774 751 4834 in
776 4789 890 4834 omnes
916 4775 1082 4836 malitiose

285 4869 504 4948 impedientes
531 4869 759 4947 inquisitionis
790 4885 993 4947 processum,
1017 4885 1083 4932 ex-

286 4967 597 5032 communicationis
620 4967 820 5030 sententiam
846 4967 1079 5046 promulgavit.

286 5069 424 5130 Domum
437 5063 574 5128 arbitris
586 5063 628 5125 ad
644 5065 908 5140 cognoscendum
924 5065 964 5127 de
980 5081 1083 5128 causa

286 5161 487 5240 suspicionis
514 5161 639 5234 alsatie,
662 5161 741 5238 quia
766 5177 852 5222 unus
879 5161 1081 5224 arbitrorum

285 5257 457 5322 demedio
481 5259 532 5319 est
557 5259 717 5330 sublatus
745 5259 990 5336 propterquod
1013 5275 1080 5320 non

284 5357 390 5435 potuit
401 5356 437 5416 in
449 5354 666 5432 inquisitione
682 5355 828 5432 procedi,
845 5357 1006 5418 remansit
1020 5373 1082 5418 ne-

284 5455 410 5534 gotium
425 5453 461 5514 in
475 5467 646 5530 suspenso.
662 5453 798 5516 Interim
813 5469 893 5516 vero
907 5453 1002 5516 bonae
1015 5469 1081 5516 me·

283 5551 398 5614 moriae
418 5554 470 5623 Α.,
492 5549 729 5612 condomensis
749 5551 862 5624 abbas,
880 5553 922 5612 ad
933 5553 1078 5630 Aposto-

283 5650 380 5712 licam
393 5649 511 5711 sedem
523 5647 671 5720 veniens,
685 5649 725 5710 ad
737 5648 890 5712 abbatem
901 5650 1078 5712 lixiensem

1142 1373 1357 1444 concordare,
1374 1375 1432 1435 aut
1450 1376 1623 1451 suspectus
1642 1375 1782 1438 forsitan
1800 1378 1947 1439 iuveni-

1140 1471 1234 1532 retur
1248 1469 1289 1532 ab
1307 1470 1368 1542 eis,
1389 1471 1489 1534 iidem
1505 1473 1648 1548 judices,
1671 1475 1854 1536 secundum
1868 1478 1946 1551 jam

1141 1567 1263 1629 dictam
1302 1568 1454 1640 termam,
1483 1569 1518 1630 in
1550 1571 1683 1646 negotio
1719 1573 1947 1648 procederent

1141 1667 1334 1728 memerato.
1374 1667 1454 1726 Cum
1480 1667 1591 1728 autem
1620 1669 1754 1730 iuterim
1786 1671 1945 1732 mortuus

1141 1761 1241 1824 tuerit
1255 1763 1362 1824 dictus
1383 1762 1496 1834 abbas,
1513 1765 1546 1826 et
1565 1765 1629 1840 ipsi
1651 1767 1878 1842 processerint
1899 1767 1943 1828 ad

1141 1859 1336 1922 electionem
1359 1861 1509 1932 alterius,
1527 1877 1602 1922 cum
1625 1863 1662 1924 in
1684 1864 1743 1924 tali
1763 1879 1845 1925 casu
1870 1881 1943 1926 nou

1140 1954 1240 2018 fuerit
1254 1957 1345 2018 illius
1375 1958 1552 2020 consilium
1572 1959 1818 2036 requirendum,
1845 1961 1944 2038 epis·

1141 2068 1242 2128 copus
1268 2053 1350 2130 ipse,
1381 2055 1548 2131 prohibito
1572 2056 1633 2118 sub
1666 2060 1944 2120 exeommunica-

1139 2149 1241 2209 tionis
1277 2151 1559 2225 interminatione,
1576 2169 1630 2214 ›ne
1661 2155 1703 2216 ad
1739 2155 1941 2219 electionem

1141 2247 1213 2306 sine
1224 2249 1364 2309 oonsilio
1375 2251 1735 2327 procedereturipsius,
1747 2253 1824 2314 dum
1835 2255 1941 2316 vellet

1141 2346 1255 2406 contra
1276 2347 1473 2406 conventum
1488 2347 1529 2407 ad
1545 2349 1794 2424 inquisitionem
1809 2365 1938 2426 proce-

1116 2489 1117 2496 .
1141 2441 1229 2514 dero,
1246 2442 1324 2503 licet
1340 2443 1375 2502 ut
1390 2446 1563 2520 suspectus
1578 2445 1678 2507 luerit
1696 2448 1885 2516 recusatus,
1903 2447 1937 2508 et

1141 2539 1204 2600 sibi
1226 2539 1449 2616 significatum
1476 2541 1594 2602 luisset
1618 2542 1658 2602 de
1681 2543 1849 2620 praedictis
1874 2544 1937 2606 lit-

1140 2637 1232 2708 teris,
1255 2653 1313 2712 per
1332 2652 1414 2716 quas
1433 2637 1517 2698 alias
1537 2639 1803 2702 committebatur
1823 2657 1936 2716 nego-

1139 2733 1233 2806 tium,
1268 2749 1335 2806 eos,
1366 2735 1534 2810 assignato
1563 2735 1627 2796 sibi
1661 2737 1803 2798 termino
1831 2739 1935 2798 nimis

1140 2830 1244 2900 brevi,
1259 2831 1318 2892 sub
1335 2847 1433 2907 poena
1448 2834 1802 2894 excommunicationis
1818 2835 1937 2897 citavit

1140 2928 1181 2989 ad
1197 2928 1316 3000 locum,
1337 2929 1491 3005 adquam
1513 2945 1665 2990 securum
1681 2947 1746 2992 non
1767 2932 1937 2995 habebant

1140 3026 1933 3105 accessum,uolenseistutumaliumassignare;

1140 3123 1274 3198 propter
1297 3123 1383 3199 quod
1402 3124 1559 3200 exparte
1583 3127 1764 3186 conventus
1787 3127 1830 3186 ad
1855 3143 1936 3188 nos-

1139 3220 1224 3280 tram
1240 3219 1301 3281 iuit
1321 3220 1524 3282 audientiam
1540 3223 1751 3298 appellatum.
1777 3224 1838 3283 llle
1853 3239 1934 3284 vero

1140 3331 1214 3376 eum
1237 3319 1306 3393 jam
1334 3318 1422 3378 esset
1442 3307 1481 3378 in¹
1502 3319 1788 3396 archiepiscopum
1812 3323 1933 3397 postu-

1140 3413 1237 3485 latus,
1272 3415 1305 3475 et
1334 3414 1583 3478 administraret
1615 3417 1748 3492 negotia
1781 3418 1933 3480 ecclesiae

1139 3511 1314 3571 Auxitanae
1329 3512 1402 3586 post
1417 3511 1606 3588 hujusmodi
1621 3514 1879 3592 appellationem
1897 3517 1933 3574 in

1115 3625 1116 3632 ¹
1139 3609 1306 3671 Auxitana
1319 3607 1454 3668 dioecesi
1469 3609 1636 3670 nuntiavit
1647 3625 1715 3682 eoa,
1731 3611 1891 3688 tanquam
1903 3612 1932 3672 si

1116 3707 1255 3766 ‘contra
1283 3705 1514 3767 inhibitionem
1542 3721 1636 3767 suam
1662 3708 1703 3768 ad
1732 3709 1933 3772 electionem

1137 3803 1263 3863 temere
1286 3801 1539 3880 processissent,
1568 3805 1601 3866 et
1621 3807 1832 3867 contumaces
1859 3805 1934 3867 fue-

1138 3899 1216 3972 rint,
1233 3915 1272 3959 ac
1289 3900 1455 3962 malitiose
1470 3899 1683 3976 impedierint
1704 3902 1932 3978 inquisitionis

1138 4012 1340 4073 processum,
1364 3996 1529 4073 triplicem
1554 4013 1747 4074 expressam
1775 4001 1931 4076 superius

1138 4093 1491 4154 excommunicationis
1511 4095 1710 4156 sententiam
1732 4096 1930 4166 incurrisse,

1138 4205 1212 4252 cum
1230 4191 1341 4252 tamen
1361 4190 1396 4250 in
1420 4189 1507 4252 iacto
1531 4191 1702 4254 electionis
1725 4195 1840 4256 contra
1861 4193 1932 4255 sor-

1137 4303 1224 4348 mam
1241 4287 1421 4364 Apostolici
1437 4289 1584 4350 mandati
1599 4305 1666 4350 non
1681 4291 1849 4366 veneriut;
1870 4306 1931 4368 per

1137 4383 1223 4460 quod
1251 4385 1281 4444 si
1320 4401 1379 4461 per
1415 4385 1667 4462 inquisitionem
1703 4390 1931 4449 removeretur

1136 4480 1238 4542 abbas
1258 4482 1436 4560 procedere
1455 4483 1496 4543 ad
1516 4483 1711 4546 electionem
1729 4485 1769 4546 de
1789 4486 1931 4547 consilio

1138 4579 1285 4656 episcopi
1307 4580 1513 4652 tenebantur,
1537 4583 1570 4642 et
1599 4581 1827 4658 inquisitionis
1851 4599 1932 4660 pro-

1137 4691 1268 4738 cessum
1286 4677 1451 4739 malitiose
1467 4693 1534 4739 non
1548 4679 1770 4754 impedierint,
1786 4695 1847 4742 neo
1863 4697 1930 4740 un-

1136 4789 1233 4850 quam
1253 4774 1425 4835 extiterint
1444 4776 1666 4848 oontumaeeS,
1687 4777 1929 4853 propterquod

1136 4885 1178 4931 ex
1188 4871 1282 4947 parte
1294 4872 1476 4934 conventus
1487 4871 1583 4932 nobis
1593 4871 1656 4934 luit
1665 4872 1838 4935 humiliter
1849 4889 1932 4951 sup-

1136 4967 1304 5044 plicatum,
1333 4968 1369 5028 ut
1400 4967 1590 5030 denuntiari
1613 4969 1848 5032 mandaremus
1872 4986 1930 5032 eos

1134 5065 1195 5126 tali
1216 5065 1380 5126 sententia
1402 5081 1468 5126 non
1487 5065 1607 5128 teneri.
1629 5067 1772 5144 Ideoque
1790 5067 1932 5130 manda-

1135 5177 1219 5234 mus,
1236 5163 1399 5238 quatenus
1420 5161 1448 5222 si
1465 5162 1559 5224 robis
1579 5165 1766 5227 constiterit
1786 5165 1828 5226 de
1842 5181 1931 5243 prae-

1134 5259 1256 5330 missis,
1285 5257 1477 5320 nuntiantes
1501 5261 1630 5322 nullum
1654 5261 1760 5338 ipsius
1783 5262 1930 5339 episcopi

1134 5371 1209 5416 esso
1232 5371 1424 5432 processum
1451 5357 1491 5416 ad
1514 5357 1666 5418 abbatem
1696 5361 1874 5419 Exiensem
1898 5359 1931 5422 et

1134 5452 1279 5529 collegas
1293 5467 1370 5513 suos
1384 5451 1553 5529 negotium
1568 5455 1757 5516 remittatis.
1770 5455 1928 5534 Alioquin

1135 5565 1324 5628 processum
1355 5549 1519 5623 eumdem,
1556 5550 1643 5612 sieut
1670 5555 1721 5614 est
1746 5551 1927 5629 legitimus,

1134 5647 1265 5711 laniatis
1276 5663 1380 5725 usque
1392 5648 1432 5710 ad
1444 5645 1704 5711 satisfactionem
1717 5649 1925 5728 condignam,
