4174 6324
316 323 358 384 33
684 272 691 282 ’
932 323 1346 388 33113331331331.
1711 353 1719 402 ,
1922 323 1962 384 31
2084 363 2085 368 .

317 498 392 543 rum
415 483 577 544 solemnia
601 483 780 545 conuenire
800 482 959 556 debeatis,
977 484 1111 548 31111133

319 580 489 640 commode
501 580 574 640 lieri
590 581 722 656 poterit.

639 733 715 793 (111.
735 733 789 791 lX.

356 863 538 922 Dominicis
565 879 695 940 quoque
719 863 847 934 11131133,
872 864 1110 936 13131113,3111

318 976 400 1036 opus
415 959 527 1030 suerit,
556 961 595 1022 ad
620 961 768 1022 custodia
797 961 923 1022 ordinis
948 961 1107 1022 tractetis.

317 1055 380 1116 Ubi
395 1057 495 1116 etiam
508 1073 676 1128 excessus,
689 1057 836 1133 etculpae
850 1057 998 1128 fratrum,
1013 1059 1109 1134 siqui

316 1151 358 1211 de
373 1152 486 1228 aliquo
502 1153 705 1228 deprehendi
719 1155 852 1226 suerint,
880 1155 1017 1216 caritate
1033 1171 1107 1215 me·

316 1248 371 1308 dia
387 1249 609 1325 corrigantur.

645 1357 723 1418 Car.
738 1358 779 1417 X.

354 1487 523 1564 Jejunium
536 1487 677 1562 singulis
692 1488 819 1560 diebus,
835 1489 982 1566 exceptis
995 1489 1109 1550 Domi·

315 1583 411 1654 nicis,
423 1583 615 1655 observetis,
632 1600 652 1645 a
667 1585 750 1646 sesto
761 1586 973 1646 exaltationis
989 1588 1020 1646 S.
1031 1589 1109 1646 Cru-

315 1680 363 1740 eis
375 1697 478 1758 usque
493 1681 534 1742 ad
559 1681 646 1741 diem
667 1683 846 1743 Dominicaa
871 1685 1107 1744 Resurrectio·

314 1777 368 1837 nis
384 1799 390 1836 :
406 1778 471 1837 nisi
496 1777 683 1850 infirmitas,
700 1779 752 1838 vel
779 1779 931 1840 debilitas
947 1781 1106 1856 corporis,

314 1875 373 1934 aut
385 1873 451 1934 3113
460 1876 551 1950 Justa
567 1891 668 1934 causa
677 1877 842 1950 jeJunium
858 1877 942 1938 solui
958 1879 1106 1950 suadeat,

313 1971 391 2047 quia
406 1971 587 2032 necessitas
603 1988 671 2032 non
686 1972 785 2034 habet
800 1973 919 2049 legem.

633 2123 710 2182 Gne.
731 2123 786 2182 XI.

352 2251 401 2312 Ab
417 2267 476 2312 esu
490 2253 641 2314 carnium
667 2269 799 2331 semper
818 2253 1023 2329 abstineatis,
1040 2257 1108 2317 nisi

313 2365 373 2426 pro
388 2349 602 2422 infirmitatis,
624 2353 682 2412 aut
708 2353 819 2414 nimiae
845 2353 1027 2415 debilitatis
1052 2371 1109 2415 re-

313 2445 422 2507 medio
437 2447 504 2508 siut
516 2449 696 2510 sumendae.

631 2591 792 2651 Car.XlI.

352 2711 436 2782 Quia
446 2727 527 2773 vero
543 2711 662 2773 militia
678 2715 728 2774 est
740 2714 808 2774 rita
821 2713 977 2786 neminie,
993 2717 1025 2776 et
1041 2730 1107 2776 om·

312 2822 383 2880 nes,
399 2809 455 2884 qui
481 2809 535 2884 pie
550 2809 665 2870 volunt
686 2811 799 2871 vivere
814 2811 850 2871 in
866 2811 1007 2884 Christe,
1025 2827 1105 2889 per·

311 2905 514 2965 secutionem
530 2906 723 2981 patiuntur:
739 2907 951 2968 adversarius
974 2924 1105 2986 quoque

310 3003 421 3062 uester
435 3001 586 3063 diabolus
604 3007 772 3080 tamquam
800 3005 851 3065 leo
876 3007 1011 3081 rugiens
1036 3008 1105 3067 311-

310 3099 389 3168 cuit,
408 3115 668 3176 quaerensquem
680 3101 825 3172 devoret,
844 3103 933 3162 omni
948 3104 1105 3165 331113113-

309 3195 387 3254 dine
409 3195 569 3257 studeatis
584 3197 679 3256 indui
695 3201 864 3259 armatura
884 3199 954 3272 Dei,
971 3203 1007 3262 ut
1021 3217 1103 3277 pos·

310 3289 384 3352 sitis
399 3293 487 3354 stare
502 3293 660 3354 adversus
673 3293 813 3354 insidias
834 3295 972 3356 inimici.

349 3389 552 3464 Accingendi
569 3391 645 3452 suut
658 3391 760 3452 lumbi
776 3393 879 3453 vestri
889 3393 1022 3468 cingulo
1035 3409 1106 3454 cas·

308 3484 425 3546 titatis.
440 3488 655 3548 Muuiendum
678 3489 729 3549 est
754 3491 868 3565 pectus
893 3490 1105 3566 cogitationi-

308 3579 370 3641 bus
392 3583 527 3642 sanetis.
557 3584 721 3659 Scriptum
736 3586 786 3645 est
805 3585 894 3645 enim
918 3586 1103 3662 :Cogitatio

308 3679 424 3739 sancta
435 3678 582 3740 servabit
595 3679 638 3741 te.

348 3775 519 3836 Induenda
532 3779 582 3838 est
592 3777 697 3838 lorica
709 3779 864 3854 Justitiae3
879 3777 915 3838 ut
928 3779 1103 3839 Dominum

308 3873 411 3932 Deum
428 3873 547 3934 extoto
559 3873 668 3944 corde,
686 3875 718 3934 et
733 3890 776 3934 ex
789 3877 859 3934 1313
874 3875 996 3946 anima,
1014 3877 1046 3936 et
1061 3893 1104 3936 ex

307 3969 377 4029 tota
391 3968 513 4030 virtute
527 3968 684 4044 diligatis,
710 3971 742 4030 et
754 3971 941 4048 proximum
956 3973 1102 4034 vestrum

308 4067 476 4141 tamquam
491 4067 720 4142 vosmetipsos.

346 4162 549 4223 sumendum
562 4165 613 4224 est
626 4164 661 4223 in
686 4163 839 4224 omuibus
857 4165 986 4226 scutum
1009 4165 1100 4236 111131,

307 4260 343 4321 13
354 4276 419 4337 quo
431 4261 566 4336 possitis
584 4261 696 4322 omnia
710 4261 776 4322 tela
790 4263 985 4338 nequissimi
1001 4263 1101 4338 ignea

305 4359 511 4434 extinguere.
537 4359 615 4419 Sine
631 4359 695 4419 tide
722 4360 810 4420 enim
833 4359 1038 4436 impossibile
1052 4363 1103 4422 est

305 4453 438 4529 placere
454 4457 531 4514 Deo.
556 4457 595 4517 Et
610 4455 682 4515 haec
697 4459 747 4516 est
768 4457 920 4532 victoria,
938 4473 1011 4534 quae
1027 4457 1103 4518 vin-

306 4549 352 4610 cit
363 4549 532 4620 mundum,
551 4549 633 4610 tides
647 4553 769 4611 133113.

321 4643 324 4650 ’
345 4646 447 4708 Galea
460 4661 589 4723 quoque
603 4647 721 4708 salutis
739 4647 941 4724 imponenda
968 4649 1019 4710 est
1043 4664 1101 4710 ca-

304 4742 376 4820 piti,
392 4745 428 4804 ut
442 4743 482 4803 de
498 4743 569 4804 solo
584 4744 756 4806 salvatore
779 4745 918 4820 speretis
948 4746 1098 4817 salutem,

304 4839 361 4916 qui
376 4839 506 4902 salvum
523 4841 603 4902 lacit
629 4841 787 4920 populum
813 4857 909 4902 suum
921 4858 941 4902 a
954 4843 1100 4921 peccatis

305 4952 433 4998 eorum.

343 5035 480 5096 Gladius
496 5035 607 5095 autem
624 5035 771 5110 spiritus,
789 5035 875 5113 quod
892 5037 942 5098 est
962 5036 1100 5098 uerbum

303 5133 373 5204 Dei,
396 5131 604 5194 abundanter
617 5131 743 5194 habitet
757 5133 791 5192 in
807 5149 875 5204 313,
893 5133 974 5194 etin
990 5135 1101 5194 cordi-

301 5229 362 5290 bus
378 5229 509 5290 vestris
543 5230 580 5292 m
605 5243 821 5306 quacumque
846 5229 941 5290 vobis
969 5231 1100 5306 agenda

302 5329 391 5395 sunt,
408 5325 443 5386 in
458 5325 559 5388 verbo
574 5326 706 5386 Domini
718 5325 810 5387 11331.

603 5477 681 5538 Car.
706 5479 795 5538 Xlll.

343 5607 544 5672 Faciendum
568 5609 618 5672 est
641 5608 735 5671 vobis
764 5609 895 5686 aliquod
919 5609 1040 5688 operis,
1065 5610 1100 5671 ut

1167 497 1298 561 semper
1311 497 1371 544 vos
1386 479 1537 542 diabolus
1553 479 1702 542 inveniat
1716 480 1904 556 occupatos,
1919 495 1962 542 ne

1166 593 1209 638 ex
1223 577 1389 638 otiositate
1415 577 1525 636 vestra
1548 574 1693 650 aliquem
1715 575 1863 635 intrandi
1887 575 1962 636 adi-

1165 675 1234 734 tum
1250 675 1290 734 ad
1305 674 1433 734 animas
1446 673 1574 733 vestras
1590 672 1701 732 valeat
1713 671 1875 732 invenire.
1892 675 1962 732 Ha-

1164 769 1248 831 betis
1264 771 1304 831 ad
1328 769 1391 830 hoo
1405 769 1495 830 beati
1518 767 1614 828 Pauli
1636 769 1783 844 Apostoli
1798 769 1919 843 magist
1940 801 1959 813 -

1164 868 1250 928 rium
1281 867 1406 942 pariter
1434 867 1466 925 et
1489 865 1687 940 exemplum,
1722 865 1757 924 in
1784 867 1878 941 cujus
1902 881 1961 926 ore

1165 964 1314 1024 Christus
1327 962 1533 1039 loquebatur.
1551 962 1613 1032 Qui
1628 961 1754 1038 positus
1775 965 1835 1032 est,
1853 962 1963 1022 31113-

1163 1061 1217 1120 tus
1233 1075 1253 1120 a
1272 1063 1339 1120 Deo
1356 1059 1564 1136 praedicator,
1586 1059 1619 1117 et
1633 1057 1748 1118 doctor
1760 1057 1907 1132 gentium
1923 1059 1959 1118 in

1163 1155 1227 1216 ilde
1238 1159 1270 1217 et
1284 1156 1423 1217 ueritate
1441 1176 1448 1214 ε
1463 1169 1560 1230 quem
1571 1153 1599 1213 si
1615 1154 1720 1214 secuti
1734 1153 1876 1226 fueritis,
1890 1170 1960 1215 nou

1163 1253 1317 1329 poteritis
1336 1251 1503 1314 aberrare.
1530 1249 1706 1322 inlabere,
1722 1252 1844 1324 inquit,
1861 1251 1894 1312 et
1908 1250 1961 1312 sa-

1162 1349 1323 1425 tigatione
1349 1349 1471 1410 luimus
1497 1349 1585 1408 iuter
1608 1363 1667 1407 vos
1693 1351 1801 1419 nocte,
1829 1347 1957 1420 aedis,

1164 1449 1350 1523 operantes,
1365 1461 1407 1507 ne
1433 1460 1531 1522 quem
1555 1446 1703 1504 vestrum
1730 1459 1957 1518 gravaremus.

1163 1545 1238 1604 Non
1254 1544 1348 1620 quasi
1362 1559 1422 1603 1133
1448 1557 1514 1602 non
1540 1541 1720 1602 habeamus
1744 1543 1956 1618 potestatem

1165 1640 1223 1700 sed
1240 1643 1275 1701 ut
1289 1640 1507 1714 nosmetipsos
1527 1639 1665 1700 sormam
1690 1637 1843 1698 daremus
1864 1639 1957 1700 vobis

1163 1737 1204 1797 ad
1220 1737 1415 1798 imitandum
1431 1751 1502 1796 nos.
1519 1737 1604 1796 Nam
1617 1751 1691 1794 eum
1707 1751 1855 1796 essemus
1870 1735 1956 1811 apud

1164 1849 1234 1904 vos,
1263 1833 1335 1894 11133
1362 1831 1645 1893 denunciabamus
1664 1830 1758 1892 vobis
1775 1853 1782 1890 :
1800 1833 1958 1908 quoniam

1164 1931 1192 1989 si
1208 1931 1282 2006 quis
1295 1945 1361 1990 uon
1376 1930 1448 1990 vult
1462 1929 1606 2004 operari,
1619 1943 1686 1988 nou
1700 1928 1959 1990 manducet-Au-

1163 2027 1306 2086 divimus
1319 2027 1408 2086 enim
1429 2025 1590 2086 intervos
1605 2025 1764 2101 quosdam
1779 2025 1957 2086 ambulan-

1162 2125 1212 2184 tes
1228 2123 1262 2182 in
1278 2123 1399 2199 quiete,
1425 2121 1511 2182 nibil
1539 2123 1726 2197 operantes.
1752 2122 1811 2182 His
1833 2124 1955 2196 autem,

1163 2220 1218 2296 qui
1234 2219 1395 2296 eJ'usmodi
1420 2219 1507 2291 sunt,
1532 2217 1782 2290 denunciamus,
1799 2219 1831 2279 et
1856 2219 1979 2281 obse--

1162 2332 1293 2378 cramus
1309 2317 1343 2376 in
1360 2315 1498 2376 Domino
1513 2317 1592 2376 Jesu
1605 2315 1746 2387 Christo,
1764 2317 1801 2376 ut
1821 2331 1896 2376 cum
1908 2317 1958 2376 si-

1162 2411 1264 2472 lentio
1286 2413 1473 2488 operantes,
1491 2427 1587 2470 suum
1602 2425 1721 2486 panem
1744 2411 1953 2474 manducent.

1161 2511 1240 2572 Haec
1261 2509 1458 2582 vissanum,
1481 2509 1514 2568 31
1527 2507 1614 2569 bona
1632 2529 1639 2568 z
1656 2507 1822 2570 ambulate
1845 2509 1881 2570 in
1902 2525 1953 2572 ea.

1470 2677 1549 2738 (111.
1563 2677 1648 2738 xlv.

1201 2808 1416 2870 Commendat
1442 2809 1537 2872 vobis
1565 2808 1741 2886 Apostolus
1770 2809 1952 2881 silentium,

1161 2922 1236 2967 cum
1251 2907 1286 2968 in
1301 2923 1340 2967 ec
1353 2905 1503 2983 praecipit
1517 2905 1731 2982 operandum.
1745 2908 1785 2968 Et
1795 2907 1956 2984 quemad·

1160 3004 1293 3064 modum
1309 3005 1470 3081 propbeta
1488 3004 1652 3065 testatur:
1668 3003 1781 3072 Cultus
1799 3004 1952 3082 justitiae,

1160 3101 1329 3163 silentium
1356 3103 1416 3162 est.
1442 3103 1482 3162 m
1502 3115 1635 3160 rursum
1663 3122 1670 3160 :
1699 3103 1736 3161 ln
1758 3101 1955 3172 silent10,et

1159 3213 1217 3274 spe
1233 3199 1297 3258 erit
1307 3197 1464 3260 fortitudo
1476 3199 1599 3258 vestra.
1612 3197 1753 3274 Ideoque
1765 3199 1951 3268 statuimus,

1159 3296 1195 3356 ut
1220 3295 1261 3355 ab
1287 3295 1370 3354 11313
1397 3295 1598 3370 vespertina,
1632 3311 1737 3372 usque
1765 3295 1806 3354 ad
1835 3295 1953 3354 boram

1158 3392 1290 3452 tertiam
1319 3391 1487 3468 sequentis
1516 3391 1583 3452 diei
1609 3391 1778 3452 silentium
1798 3391 1951 3462 teneatis,

1158 3488 1224 3548 nisi
1240 3487 1324 3549 sorte
1339 3489 1532 3560 necessitas,
1547 3488 1600 3548 vel
1614 3505 1716 3548 causa
1729 3488 1949 3558 rationabilis,

1158 3585 1362 3645 autlicentia
1382 3585 1505 3660 prioris
1530 3583 1698 3645 silentium
1722 3586 1950 3662 interrumpat.

1158 3681 1232 3742 Allo
1248 3697 1328 3742 vero
1342 3683 1501 3758 tempore,
1518 3681 1596 3742 licet
1611 3681 1735 3742 silentii
1747 3697 1814 3742 non
1825 3681 1953 3743 habea-

1158 3779 1212 3839 131
1229 3777 1416 3840 observatio
1444 3779 1549 3850 tanta,
1580 3777 1772 3852 diligentius
1800 3781 1952 3839 tamena

1158 3875 1365 3952 multiloquio
1395 3878 1561 3935 caveatur.
1595 3875 1757 3946 Quoniam
1792 3877 1952 3951 scriptum

1158 3973 1219 4044 est,
1245 3973 1278 4033 31
1304 3987 1370 4032 non
1396 3973 1506 4031 minus
1533 3971 1739 4048 experientia
1766 3971 1862 4033 docet
1887 3993 1894 4032 :
1915 3975 1952 4033 In

1158 4067 1366 4144 multiloquio
1392 4084 1458 4128 non
1479 4067 1585 4129 deerit
1611 4070 1806 4144 peccatum:
1834 4069 1867 4130 et
1895 4070 1952 4146 qui

1158 4165 1424 4226 inconsideratus
1448 4166 1499 4225 est
1524 4165 1566 4224 ad
1593 4165 1805 4241 loquendum,
1831 4165 1953 4226 sentiet

1157 4262 1256 4322 mala.
1272 4265 1364 4332 Item,
1381 4261 1437 4338 qui
1461 4260 1573 4322 multis
1595 4261 1699 4323 ulitur
1721 4261 1844 4333 verbis,
1861 4262 1953 4323 laedit

1157 4360 1302 4419 animam
1317 4375 1422 4418 suam.
1440 4360 1479 4419 m
1500 4358 1659 4419 Dominus
1674 4359 1709 4418 in
1737 4359 1917 4434 Evangelio
1941 4381 1949 4418 2

1157 4460 1203 4516 De
1227 4457 1316 4516 omni
1332 4455 1432 4516 verbo
1457 4455 1574 4527 otioso,
1591 4455 1677 4531 quod
1701 4455 1803 4516 locuti
1827 4455 1951 4518 tuerint

1157 4553 1320 4624 homines,
1332 4552 1471 4612 reddent
1486 4553 1648 4612 rationem
1663 4551 1704 4612 de
1720 4567 1758 4613 eo
1771 4553 1807 4612 in
1822 4552 1876 4613 die
1887 4555 1949 4630 ju·
2075 4585 2079 4594 ·

1157 4649 1246 4709 dicii.
1276 4649 1389 4710 Faciat
1416 4664 1496 4723 ergo
1530 4649 1755 4724 unusquisque
1791 4649 1949 4710 stateram

1156 4745 1265 4806 verbis
1281 4745 1362 4812 suis,
1393 4745 1425 4806 et
1448 4743 1570 4805 fraenos
1599 4747 1707 4805 rectos
1731 4747 1782 4806 ori
1812 4761 1883 4818 suo,
1907 4759 1950 4807 ne

1156 4841 1394 4913 131131313131,
1412 4841 1444 4901 et
1464 4841 1560 4902 cadat
1574 4841 1609 4901 in
1625 4841 1738 4916 lingua
1758 4857 1830 4914 sua,
1847 4845 1880 4903 et
1893 4843 1949 4903 in-

1155 4937 1316 4999 sanabilis
1332 4939 1375 5000 sit
1393 4953 1490 4998 casus
1514 4939 1586 5014 3133
1601 4937 1642 4998 ad
1664 4939 1815 4998 mortem.
1833 4939 1951 4999 Custo-

1155 5036 1249 5096 diens
1265 5051 1339 5096 cum
1355 5033 1514 5110 propheta
1540 5035 1613 5096 vias
1642 5051 1731 5106 suas,
1749 5050 1816 5096 non
1838 5035 1949 5096 delin-

1155 5135 1234 5209 quat
1256 5133 1291 5192 in
1319 5132 1434 5206 lingua
1462 5131 1793 5204 333111311311113111,
1823 5133 1858 5193 in
1883 5149 1948 5208 quo

1155 5231 1262 5291 cultus
1271 5229 1410 5306 justitiae
1425 5231 1485 5300 est,
1510 5229 1696 5303 diligenter,
1714 5231 1747 5291 31
1765 5233 1949 5291 33313313-

1155 5328 1231 5388 deat
1243 5325 1431 5387 observare.

1468 5477 1548 5536 (131.
1565 5477 1634 5538 XV.

1194 5613 1242 5672 Τ3
1255 5609 1377 5682 autem,
1389 5607 1565 5682 Brocarde,
1578 5609 1611 5670 et
1623 5607 1820 5686 quicumque
1831 5609 1905 5686 post
1914 5611 1947 5672 13
