4174 6324
271 275 322 333 (15
897 275 1073 338 HONORII
1097 275 1142 336 111
1163 275 1312 338 OPERA.
1885 277 1923 336 16

283 433 422 496 99919111
435 433 557 496 1919119
575 435 708 510 pietatis
728 433 762 496 et
781 433 991 496 medietatem
1005 435 1075 511 919-

283 531 442 591 99919919
468 531 559 590 exitu
588 530 653 590 laci
682 531 722 590 de
746 531 1073 602 19919199999999

282 627 434 688 libertate
463 627 612 703 piscandi
641 627 676 688 in
703 629 775 703 ipso
804 629 893 698 lacu,
923 629 1074 704 quotiens

284 723 369 782 idem
388 723 602 793 senescallus
623 723 675 784 991
693 723 842 784 haeredes
862 726 933 800 ejus
954 725 1074 783 facient

283 819 403 878 ibidem
428 817 562 894 piscari,
584 821 682 895 prout
705 820 739 879 in
764 821 982 881 instrumento
997 819 1073 880 inde

284 914 431 975 confecto
451 915 574 977 dicitur
588 917 751 976 contineri
764 939 771 991 ;
789 919 936 977 ettotam
952 920 1073 978 terram

283 1009 323 1069 de
342 1011 494 1081 Pennild,
514 1029 585 1088 quae
601 1029 689 1071 nunc
709 1012 829 1074 dicitur
848 1013 978 1082 Falton,
1000 1028 1074 1072 cum

283 1107 492 1182 pertinentiis
527 1109 614 1180 suis,
652 1126 750 1186 quam
781 1109 876 1170 99119
909 1109 1074 1186 99991999

282 1205 446 1266 Henricus
480 1205 519 1266 19
549 1207 669 1266 Sancto
695 1207 839 1266 Martino
866 1205 906 1266 de
935 1221 1075 1266 assensu

283 1300 408 1362 domini
423 1302 475 1362 sui
488 1301 581 1363 vobis
599 1303 739 1363 contulit
755 1303 878 1363 intuitu
896 1303 1028 1380 pietatis
1043 1303 1076 1362 et

281 1398 405 1458 terram
429 1399 635 1460 1919911991
659 1401 691 1460 91
712 1399 886 1461 1191191199
907 1415 981 1460 cum
1005 1399 1074 1460 suis

282 1497 491 1571 pertinentiis
518 1498 605 1568 9919,
631 1500 666 1558 91
693 1497 820 1574 partem
844 1497 936 1557 illam
962 1499 1073 1563 terrae,

282 1591 338 1652 ubi
353 1593 578 1653 molendinum
599 1591 639 1653 de
661 1593 811 1654 Passelet
826 1591 925 1654 situm
941 1594 1001 1663 991,
1017 1608 1075 1667 999

281 1691 389 1752 999199
405 1689 508 1750 metas
523 1706 542 1750 a
558 1691 644 1752 dicto
661 1689 843 1750 senescallo
856 1688 950 1751 99119
966 1688 1076 1762 assig-

282 1787 405 1858 natam,
426 1791 459 1848 91
475 1787 598 1848 terram
619 1788 706 1848 ultra
726 1788 808 1848 Kert
827 1787 914 1846 inter
929 1786 1075 1862 Espedar

281 1884 313 1945 el
332 1883 533 1960 Aldepatric,
550 1885 635 1944 sicut
655 1884 741 1944 idem
758 1883 961 1944 senescallus
981 1881 1074 1942 vobis

281 1981 389 2052 dedit,
415 1997 489 2042 cum
513 1982 665 2042 omnibus
690 1981 897 2042 libertatibus
927 1983 959 2041 91
983 1979 1074 2040 asia-

283 2079 403 2140 mentis
420 2079 455 2138 in
475 2079 595 2140 foresta
619 2078 724 2154 ipsius
739 2078 779 2138 de
795 2077 944 2138 Passelet
958 2078 998 2138 de
1015 2079 1075 2136 Se-

281 2176 451 2246 necatbir,
479 2177 578 2251 prout
601 2175 635 2236 in
661 2175 766 2250 ipsius
797 2175 918 2236 litteris
954 2174 1074 2235 1191199

283 2273 444 2334 contineri
462 2290 469 2344 ;
486 2275 518 2333 91
531 2275 655 2332 terram
672 2273 758 2349 apud
781 2272 959 2342 Carnehro,
977 2288 1073 2348 quam

262 2369 411 2430 Ι1919119
447 2385 489 2429 ex
524 2369 609 2430 dono
646 2370 809 2445 quondam
842 2369 980 2440 Vitredi,
1015 2369 1074 2427 filii

283 2467 421 2542 Pagani,
434 2469 467 2527 91
480 2468 603 2526 terram
616 2466 701 2543 apud
716 2465 801 2526 Ordo
817 2481 859 2526 ex
873 2466 959 2526 dono
976 2481 1076 2541 9999-

282 2562 358 2624 dam
373 2564 526 2625 Walterii
542 2563 689 2634 Murdac,
705 2565 738 2624 91
751 2579 897 2623 aunuum
911 2563 1075 2622 redditum

283 2661 381 2720 unius
397 2661 516 2720 celdrae
540 2660 706 2730 frumenti,
726 2676 824 2736 qnam
845 2651 1014 2734 percipitis
1034 2674 1076 2718 ex

282 2757 461 2818 donatione
483 2757 604 2818 nobilis
628 2757 696 2818 9191
722 2755 859 2817 Ρ9191911
883 2755 1012 2816 comitis
1036 2755 1075 2814 19

282 2855 443 2927 Ι)999199;
469 2871 511 2914 ex
534 2855 619 2914 dono
641 2853 735 2914 1999
756 2853 923 2913 memoriae
940 2851 1075 2912 Roberti

282 2951 322 3013 de
338 2951 528 3022 Londoniis‚
546 2951 659 3012 fratris
674 2951 764 3026 regis
781 2951 912 3020 scotiae,
928 2964 1075 3008 annuum

281 3049 447 3110 redditum
461 3050 559 3108 unius
575 3047 695 3109 9911999
711 3047 867 3108 frumenti
883 3050 916 3106 91
930 3045 1076 3106 dimidiae

283 3163 403 3207 marcae
422 3146 551 3221 argenti
564 3146 648 3220 apud
664 3144 806 3216 Cadiou;
821 3159 864 3203 ex
878 3143 964 3202 dono
980 3142 1075 3202 bonae

282 3243 450 3304 (99999919
467 3241 611 3316 Philippi
626 3241 666 3300 de
683 3240 808 3300 Valons
826 3255 972 3300 annuum
995 3238 1075 3297 red-

283 3341 388 3402 ditum
400 3339 498 3398 unius
509 3352 628 3397 marcac
640 3336 769 3411 argenti
779 3336 864 3412 apud
877 3335 1074 3402 Killebride;

284 3453 327 3499 ex
342 3437 426 3496 dono
440 3434 561 3496 nobilis
572 3434 636 3494 9191
647 3436 703 3506 M„
719 3433 849 3494 comitis
862 3433 902 3492 de
915 3435 1075 3504 Levanas,

284 3533 463 3612 piscariam
485 3547 585 3608 super
605 3533 733 3602 Leven,
760 3531 847 3590 91991
870 3531 905 3590 19
930 3530 1077 3605 ejusdem

284 3631 405 3702 11119919
420 3629 541 3688 1191199
553 3628 734 3700 999119991;
751 3643 794 3688 ex
814 3627 899 3687 dono
913 3625 1076 3702 quondam

284 3728 430 3797 Tlromae,
455 3725 516 3785 filii
539 3724 738 3794 Thancardi,
760 3725 884 3784 terram
899 3723 985 3798 apud
1006 3724 1078 3784 blo-

286 3821 411 3891 derval,
424 3835 521 3896 quam
533 3819 625 3878 vobis
639 3817 779 3878 contulit
794 3817 916 3878 intuitu
927 3818 1075 3892 pietatis;

287 3934 330 3980 ex
350 3918 435 3977 dono
455 3915 620 3990 quondam
638 3913 767 3974 Radulfi
788 3912 828 3972 19
849 3914 922 3972 Cler
940 3914 1075 3984 terram,

287 4031 360 4092 9999
379 4016 518 4074 9999199
542 4011 663 4084 Garin3
689 4025 732 4069 ex
755 4007 840 4069 dono
866 4008 987 4068 nobilis
1012 4009 1076 4068 viri

285 4110 440 4172 Dunkani
464 4109 504 4168 de
524 4107 647 4174 Carrio,
669 4107 771 4166 totam
787 4107 909 4166 terram
923 4105 962 4165 de
977 4107 1077 4166 Cros-

286 4207 413 4284 ragmol
427 4207 459 4268 91
474 4203 654 4266 Sutheblan
670 4219 743 4262 cnm
759 4201 968 4278 pertinentiis
986 4203 1055 4262 suis
1068 4219 1075 4274 ;

285 4307 318 4366 et
333 4320 432 4364 unam
448 4303 636 4363 carucatam
651 4306 749 4362 terrae
764 4300 799 4360 in
815 4299 973 4360 Hibernia
991 4299 1077 4375 apud

285 4401 455 4472 Dunmals,
481 4415 554 4476 999
576 4400 714 4459 9999199
733 4397 881 4472 Τ1119ο9;
910 4398 943 4457 91
965 4413 1077 4458 omnes

286 4498 431 4558 decimas
451 4512 585 4564 mensae,
602 4493 789 4554 reddituum
804 4495 837 4554 et
849 4493 1077 4554 eschaetarum

286 4593 432 4672 ejusdem
444 4591 575 4660 nobilis,
588 4591 685 4665 prout
697 4591 731 4648 in
742 4591 815 4664 9199
826 4589 945 4650 11119919
956 4589 1078 4650 (1191199

287 4689 467 4762 999119991;
485 4689 647 4764 praeterea
673 4685 779 4746 Sacbe
805 4687 838 4746 et
862 4685 979 4756 Socbe,
995 4686 1078 4744 Thol

285 4789 319 4850 91
330 4787 432 4846 Tbem
447 4786 480 4846 et
492 4781 793 4858 Infanggbutllefet
807 4781 891 4842 91199
909 4781 1077 4842 libertates

263 4912 266 4921 ,
286 4899 306 4944 a
325 4879 473 4958 praefatis
492 4879 672 4948 Willelmo,
690 4893 768 4953 rege
791 4876 920 4949 Scotiae,
937 4878 1078 4938 911191-

284 4981 357 5042 1999
390 4974 586 5045 9999999119,
615 4989 653 5034 99
682 4989 797 5034 eorum
830 4973 1077 5034 successorium

281 5077 371 5154 juste
385 5073 479 5136 vobis
495 5087 680 5140 concessas,
696 5087 769 5130 cum
782 5072 950 5146 praedictis
965 5071 1074 5142 terris„

286 5171 486 5242 nemoribus
502 5169 651 5244 usuagiis
666 5171 698 5228 et
713 5167 844 5244 pascuis
868 5169 903 5227 in
923 5167 1021 5228 bosco
1045 5172 1077 5228 et

285 5271 396 5350 plano,
414 5268 447 5327 in
463 5267 558 5343 aquis
576 5268 607 5326 et
624 5263 834 5335 molendinis,
853 5263 964 5324 199119
978 5266 1010 5324 91
1024 5281 1078 5324 se-

285 5369 374 5432 mitis
389 5369 421 5428 et
433 5364 584 5425 omnibus
600 5363 676 5423 aliis
691 5361 897 5424 libertatibus
913 5364 946 5422 et
958 5363 1078 5423 immu-

287 5465 446 5530 nitatibus
459 5463 538 5523 suis.

292 5555 294 5561 ’
327 5569 413 5627 Sane
433 5560 601 5622 novalium
616 5561 812 5630 9991999999,
837 5574 909 5633 quae
933 5558 1077 5634 propriis

1130 433 1281 494 manibus
1304 431 1362 494 991
1381 433 1565 510 sumptibus
1580 434 1700 508 colitis,
1717 433 1923 496 91991999-

1129 529 1295 590 trimentis
1323 530 1516 590 animalium
1544 533 1731 592 vestrorum
1759 531 1872 591 nullus
1900 547 1922 592 a

1129 625 1382 686 9911919919999
1400 628 1535 700 exigere
1547 629 1601 687 vel
1617 631 1814 704 extorquere
1829 643 1921 704 prae-

1130 725 1247 784 sumat.
1275 725 1387 784 Liceat
1413 741 1542 800 999999
1574 723 1668 784 99119
1700 725 1840 786 91991999
1867 725 1922 786 991

1129 820 1232 879 191999
1256 821 1289 881 91
1311 821 1478 882 absolutos
1505 837 1523 880 e
1546 821 1666 882 saeculo
1690 821 1855 896 fugientes
1879 821 1921 882 ad

1130 917 1380 977 conversionem
1400 918 1559 994 recipere,
1576 921 1609 979 91
1627 933 1684 978 999
1700 919 1771 978 9199
1787 920 1922 978 contra-

1129 1013 1273 1073 dictione
1286 1014 1397 1090 aliqua
1418 1016 1572 1075 retinere.
1591 1015 1807 1075 probibemus
1826 1015 1923 1075 insu-

1129 1126 1199 1186 per,
1212 1111 1247 1170 91
1262 1111 1344 1170 99111
1360 1110 1499 1172 fratrum
1512 1113 1696 1172 vestrorum
1712 1113 1785 1188 9991
1799 1111 1922 1172 factam

1130 1207 1164 1266 19
1198 1207 1312 1268 eodem
1338 1207 1411 1268 loco
1440 1209 1678 1284 professionem
1703 1208 1754 1269 fas
1780 1208 1823 1270 sit
1849 1209 1922 1268 sine

1130 1303 1258 1364 abbatis
1271 1303 1323 1362 991
1336 1304 1483 1374 11999119,
1500 1306 1566 1366 9191
1580 1305 1734 1366 999119919
1747 1304 1922 1380 religionis

1130 1400 1275 1470 obtentu,
1302 1399 1482 1462 abeodem
1508 1402 1580 1462 loco
1607 1401 1787 1462 discedere.
1806 1402 1924 1462 Disce-

1130 1495 1258 1556 dentem
1270 1513 1348 1557 vero
1362 1497 1485 1574 919999
1496 1499 1718 1559 communium
1734 1499 1922 1558 litterarum

1130 1593 1282 1653 cautione
1306 1593 1417 1654 nullus
1439 1595 1559 1656 audeat
1581 1594 1923 1658 9911999911191119-

1129 1689 1477 1762 191911991911199199,
1504 1695 1578 1764 etc,
1604 1707 1710 1766 99999
1734 1707 1920 1752 censemus.

1129 1786 1269 1846 Licitum
1292 1790 1453 1862 praeterea
1474 1789 1630 1850 91199119
1654 1790 1690 1850 19
1709 1790 1820 1849 999919
1844 1804 1923 1866 999-

1130 1882 1222 1958 99119,
1244 1883 1314 1944 9199
1336 1884 1467 1944 civilem
1490 1886 1560 1946 9199
1584 1885 1791 1946 criminalem
1813 1887 1923 1946 conti-

1130 1981 1231 2039 neant
1252 1980 1468 2055 quaestionem
1492 1980 1632 2044 fratrum
1653 1984 1839 2043 vestrorum
1853 1983 1923 2042 199-

1129 2073 1276 2134 timoniis
1303 2075 1369 2145 911,
1399 2091 1441 2135 99
1469 2092 1529 2151 999
1558 2076 1687 2137 1919919
1702 2062 1843 2138 ¹testium
1865 2078 1923 2153 jus

1129 2172 1275 2230 restrum
1293 2171 1404 2232 valeat
1418 2173 1454 2236 in
1472 2173 1584 2249 aliquo
1600 2173 1753 2250 deperiri.
1772 2175 1808 2232 In
1822 2188 1923 2250 paro-

1131 2266 1294 2326 chialibus
1306 2283 1385 2328 9999
1398 2269 1561 2339 999199119,
1575 2286 1657 2344 9999
1669 2269 1809 2338 1919119,
1823 2270 1923 2332 119991

1130 2363 1223 2423 99119
1239 2365 1426 2425 sacerdotes
1448 2365 1635 2426 dioecesano
1658 2367 1811 2443 episcopo
1836 2382 1924 2444 prae-

1131 2461 1272 2530 sentare,
1290 2461 1420 2536 991199,
1436 2463 1463 2520 91
1477 2462 1587 2522 119991
1601 2462 1733 2534 1999191,
1747 2465 1922 2539 991999999

1131 2573 1244 2616 curam
1260 2559 1446 2618 animarum
1463 2561 1656 2626 committat,
1672 2562 1708 2622 ut
1722 2561 1753 2622 ei
1768 2561 1923 2636 1999191-

1130 2652 1924 2732 19911199,991199999191999999111991919991

1130 2750 1341 2826 9999991999.
1353 2753 1432 2810 Cum
1443 2755 1553 2813 autem
1568 2754 1724 2828 generale
1737 2757 1848 2826 terrae,
1858 2755 1920 2816 etc.

1131 2846 1292 2918 Gllrisma,
1312 2848 1373 2908 etc.
1386 2848 1615 2920 probibemus,
1632 2851 1694 2912 919.
1711 2852 1922 2928 sepulturam

1131 2958 1260 3019 999999
1278 2944 1425 3022 ejusdem
1445 2945 1510 3005 loci
1530 2945 1668 3007 liberam
1692 2963 1765 3008 esse
1788 2949 1921 3008 omnino

1132 3039 1350 3112 decernimus,
1363 3043 1399 3102 ut
1411 3057 1530 3114 eorum,
1539 3043 1706 3104 devotioni
1720 3047 1754 3105 et
1765 3045 1921 3106 extremae

1132 3138 1305 3209 voluntati,
1323 3139 1379 3214 qui
1403 3155 1438 3198 se
1461 3139 1531 3200 illic
1555 3141 1688 3217 sepeliri
1713 3141 1924 3202 deliberave-

1132 3233 1211 3305 rint,
1224 3234 1288 3293 nisi
1304 3233 1387 3294 forte
1402 3237 1679 3298 excommunicati
1691 3238 1742 3298 991
1755 3238 1923 3300 interdicti

1132 3329 1208 3400 9191,
1235 3329 1347 3390 991199
1372 3330 1521 3403 91919191,
1546 3333 1639 3394 99199
1660 3337 1770 3398 tamen
1790 3335 1923 3412 justitia

1132 3425 1266 3486 illarum
1285 3428 1512 3500 ecclesiarum,
1534 3445 1553 3490 a
1577 3431 1695 3506 quibus
1719 3433 1922 3494 mortuorum

1133 3539 1272 3600 corpora
1289 3527 1512 3587 assumuntur.
1531 3527 1679 3590 0199919
1693 3545 1773 3590 9999
1787 3531 1820 3590 19
1835 3546 1923 3590 nunc

1133 3620 1923 3702 ejusdemlociabbate,veltuorumquolibetsuc-

1133 3733 1312 3790 cessorum,
1334 3719 1446 3778 nullus
1469 3720 1515 3780 ibi
1534 3721 1681 3798 99911191
1701 3721 1922 3799 subreptionis

1133 3814 1255 3874 9919119
1270 3831 1329 3874 999
1342 3815 1499 3878 919199119
1512 3821 1733 3896 praeponatur,
1749 3820 1814 3880 nisi
1827 3836 1923 3896 quem

1133 3909 1253 3971 fratres
1269 3915 1435 3973 communi
1451 3930 1625 3986 consensu,
1640 3915 1693 3976 991
1707 3919 1830 3992 majors
1846 3931 1923 3992 9999

1133 4007 1274 4067 fratrum
1307 4011 1440 4070 consilii
1471 4012 1625 4084 sanioris,
1654 4013 1834 4072 secundum
1864 4015 1923 4074 Dei

1132 4105 1284 4164 timorem
1300 4106 1332 4166 et
1345 4105 1433 4166 beati
1448 4108 1618 4169 Benedicti
1634 4109 1794 4184 regulam,
1809 4111 1923 4188 prori-

1133 4201 1242 4262 derint
1261 4202 1459 4278 eligendum.
1485 4205 1551 4264 Sub
1573 4207 1924 4268 excommunicationis

1133 4298 1269 4373 insuper
1279 4314 1375 4374 poena
1390 4299 1572 4362 districtius
1586 4302 1783 4374 inhibemus,
1796 4319 1837 4364 ne
1850 4304 1924 4380 9919

1133 4393 1174 4454 91
1188 4395 1292 4456 919919
1305 4399 1426 4467 999199,
1442 4397 1496 4472 991
1510 4414 1569 4474 999
1582 4401 1729 4474 tempore
1742 4400 1851 4472 fuerit,
1864 4415 1924 4476 pro

1133 4491 1360 4552 benedictione
1376 4493 1492 4568 ipsius,
1509 4495 1561 4555 vel
1578 4511 1637 4570 pro
1655 4497 1845 4558 deducendo
1866 4513 1925 4558 seu

1133 4587 1271 4648 locando
1288 4605 1362 4648 eum
1377 4589 1411 4648 in
1436 4590 1524 4662 sede,
1547 4591 1607 4652 sub
1628 4593 1762 4653 obtentu
1782 4595 1925 4670 alicujus

1134 4685 1391 4755 consuetudinis,
1410 4687 1606 4762 palafridum
1622 4705 1681 4748 seu
1696 4706 1812 4766 capam
1834 4691 1924 4750 seri-

1133 4783 1239 4842 991999
1263 4798 1322 4842 999
1345 4783 1477 4859 aliquod
1493 4783 1594 4856 aliud,
1612 4801 1687 4846 cum
1709 4787 1925 4848 simoniacam

1133 4880 1241 4954 sapiat
1255 4881 1461 4954 pravitatem,
1475 4882 1611 4956 exigere
1624 4883 1745 4944 audeat
1756 4885 1807 4944 vel
1818 4885 1927 4946 extor-

1133 4991 1233 5052 quere
1250 4979 1438 5052 praesumat.
1456 4977 1640 5040 Libertates
1656 4983 1688 5042 et
1700 4981 1924 5042 immunitates

1132 5087 1152 5130 a
1167 5073 1312 5147 regibus,
1330 5073 1533 5149 principibus
1549 5075 1671 5136 9191119
1687 5079 1838 5154 personis
1858 5079 1924 5139 tam

1133 5169 1925 5246 ecclesiasticis,quammundanisrationabiliter

1133 5266 1334 5326 monasterio
1349 5271 1458 5328 restro
1474 5284 1661 5340 concessas
1676 5273 1709 5330 et
1724 5273 1877 5348 antiquas
1893 5275 1925 5334 et

1132 5362 1347 5423 rationabiles
1363 5365 1619 5426 consuetudines
1634 5367 1793 5428 hactenus
1809 5368 1925 5430 obser·

1131 5462 1225 5520 99199
1239 5461 1385 5535 integras
1397 5461 1607 5540 illibatasque
1620 5481 1754 5526 manere
1766 5467 1924 5541 praesenti

1132 5557 1263 5618 decreto
1299 5559 1475 5636 sancimus.
1513 5561 1727 5624 Decernimus
1763 5577 1852 5638 ergo,
1889 5565 1924 5626 91
