4174 6324
122 367 165 429 77
678 423 682 430 .
750 367 979 428 EPISTOLAE.
1011 369 1089 428 LIB.
1112 369 1152 428 X.
1726 375 1765 435 78

118 539 362 602 quemcumque
387 523 573 586 malueritis
599 523 799 586 catholicum
824 525 917 587 adire
972 525 1058 596 sunt,
1084 525 1198 586 usibus
1225 527 1422 589 omnimodis
1456 528 1639 606 profutura,
1674 531 1768 594 salva

118 619 314 693 antistitem,
328 619 470 696 gratiam
485 621 517 682 et
532 621 795 683 communionem
811 625 918 699 npos-
972 625 1066 686 Sedis
1086 623 1284 702 Apostolicae
1300 627 1498 689 auctoritate
1526 631 1558 690 et
1585 625 1766 691 dioecesani

118 718 230 781 tolicae
255 717 350 781 Sedis
378 718 565 790 habentem,
592 719 648 796 qui
675 721 787 780 nostra
811 719 915 780 fretus
970 722 1115 798 episcopi
1130 723 1291 784 canonica
1301 725 1451 800 justitia;
1469 725 1498 784 si
1514 741 1579 802 qua
1602 726 1705 800 igitur
1730 727 1765 787 in

118 815 330 886 auctoritate,
345 813 451 886 vobis,
469 815 554 892 quod
567 815 764 891 postulatur,
780 817 914 892 impen-
970 817 1116 878 futurum
1141 819 1369 881 ecclesiastica
1394 822 1607 884 saecularisve
1622 838 1764 899 persona

117 913 187 974 dat.
203 911 421 974 prohibemus
448 913 584 990 insuper
599 915 634 974 ut
653 912 741 974 infra
757 913 839 974 fines
855 929 916 990 pa·
970 914 1055 976 hano
1070 915 1192 976 nostrae
1212 917 1456 978 constitutionis
1472 919 1626 994 paginam
1642 920 1763 998 sciens,

116 1009 245 1072 rocbiae
258 1009 378 1072 vestrae
393 1008 505 1069 nullus
535 1009 606 1070 sine
631 1025 770 1071 assensu
789 1011 914 1071 dioece-
969 1011 1084 1070 contra
1100 1025 1172 1071 eam
1187 1011 1302 1071 venire
1325 1013 1512 1083 tentaverit,
1533 1014 1677 1076 secundo
1696 1015 1767 1076 ter-

117 1107 193 1166 sani
207 1105 354 1182 episcopi
382 1107 415 1166 et
432 1107 555 1177 vestro,
581 1107 744 1182 capellam
760 1121 818 1167 seu
832 1121 912 1167 ora·-
968 1105 1057 1176 tiove
1080 1108 1291 1176 commonita,
1317 1109 1382 1169 nisi
1411 1111 1538 1170 reatum
1563 1125 1660 1172 suum
1682 1127 1764 1172 con-

115 1203 241 1265 torium
267 1201 308 1263 de
335 1217 421 1262 novo
443 1203 638 1264 construere
662 1203 794 1274 audeat,
810 1203 913 1263 salvis
968 1217 1051 1276 grua
1065 1203 1291 1265 satisfactione
1307 1207 1500 1277 correxerit,
1519 1208 1690 1282 potestatis
1704 1207 1761 1269 ho·
1846 1227 1850 1236 ·

117 1299 306 1376 privilegiis
322 1299 518 1360 Pontificum
532 1301 767 1361 Romanorum.
784 1301 832 1361 Ad
841 1299 913 1361 haec
968 1300 1124 1376 norisque
1140 1301 1192 1360 sui
1214 1303 1327 1362 careat
1349 1301 1526 1378 dignitate;
1555 1319 1712 1382 reamque
1727 1319 1763 1366 se

114 1411 223 1458 novas
238 1399 270 1458 et
284 1395 448 1458 indebitae
464 1396 655 1458 exactiones
673 1395 714 1456 eb
728 1397 913 1474 archiepis·
967 1395 1081 1457 divino
1089 1397 1216 1473 jndicio
1232 1399 1376 1458 existere
1390 1399 1429 1459 de
1443 1402 1630 1476 perpetrata
1641 1401 1761 1478 iniqui·

112 1495 221 1570 copis,
237 1493 412 1571 episcopis,
430 1493 676 1554 archidiaconis
689 1509 748 1554 seu
763 1493 910 1565 decanis,
966 1493 1034 1553 tate
1049 1495 1236 1569 cognoscat,
1259 1496 1292 1556 et
1305 1511 1325 1555 a
1338 1497 1564 1557 sacratissimo
1580 1513 1717 1574 corpore
1730 1501 1763 1560 et

112 1591 260 1667 aliisque
293 1589 445 1652 omnibus
469 1590 707 1650 ecclesiasticis
735 1591 910 1651 saeculari·
967 1588 1130 1661 sanguine
1145 1589 1205 1648 Dei
1216 1604 1255 1648 ac
1267 1589 1398 1650 Domini
1418 1591 1497 1651 Jesu
1513 1590 1635 1652 Christi
1650 1591 1761 1653 aliena

110 1686 912 1764 busrepersonisomninoderiprohibemus.Se-
967 1682 1034 1754 fiat,
1060 1685 1159 1762 atque
1187 1686 1223 1745 in
1254 1687 1403 1747 extremo
1432 1687 1586 1748 examine
1606 1688 1764 1750 districtae

113 1785 283 1862 pulturam
305 1800 434 1862 quoque
456 1783 560 1860 ipsius
589 1780 653 1846 loci
674 1783 814 1846 liberam
838 1799 911 1845 esse
966 1780 1137 1857 subjaceat
1152 1783 1281 1844 ultioni.
1295 1783 1427 1845 Cunctis
1441 1785 1550 1845 antem
1566 1783 1673 1845 eidem
1689 1785 1761 1846 loco

112 1883 337 1953 decernimus,
355 1884 517 1942 uteorum
530 1881 696 1942 devotioni
708 1883 740 1942 et
754 1883 911 1943 extremae
965 1891 1026 1939 sua
1043 1881 1121 1955 jura
1138 1879 1360 1952 servantibus,
1388 1881 1431 1942 sit
1455 1897 1521 1958 pax
1535 1881 1666 1942 Domini
1682 1897 1761 1943 nos-

111 1979 279 2041 voluntati
290 1979 346 2055 qui
358 1995 392 2038 se
406 1977 476 2039 illic
493 1978 628 2054 sepeliri
639 1979 909 2047 deliberaverint,
966 1975 1008 2036 tri
1029 1977 1110 2037 Jesu
1134 1976 1267 2048 Christi,
1294 1977 1456 2053 quatenus
1483 1979 1516 2039 et
1542 1977 1596 2038 hic
1618 1977 1760 2040 fructum

111 2077 180 2137 nisi
190 2075 277 2138 forte
290 2075 567 2136 excommunicati
582 2075 638 2136 vel
653 2075 821 2137 interdicti
832 2076 908 2148 sint,
965 2072 1059 2132 bonae
1086 2073 1227 2134 actionis
1256 2073 1451 2150 percipiant,
1488 2075 1521 2136 et
1545 2075 1631 2150 apud
1654 2077 1757 2136 Deum

111 2173 226 2233 nullus
238 2171 502 2244 obsistat,salva
511 2173 622 2233 tamen
632 2173 761 2248 justitia
776 2173 910 2234 illarum
965 2169 1150 2230 districtum
1175 2171 1322 2246 judicem
1347 2155 1486 2248 praemia
1508 2177 1642 2233 aeternae
1666 2173 1758 2248 pacis

111 2270 331 2330 ecclesiarum
351 2285 371 2330 a
395 2269 514 2346 quibus
540 2271 746 2330 mortuorum
770 2283 910 2346 corpore
964 2266 1147 2327 invenient.
1164 2271 1279 2328 Amen.

112 2367 340 2428 assumuntur.
358 2365 509 2428 Decimae
533 2369 695 2442 praeterea
722 2367 754 2428 et
772 2381 909 2442 posses·
1003 2366 1071 2438 Ego
1093 2363 1270 2436 Honorius,
1297 2363 1470 2426 catholicae
1490 2363 1647 2426 Ecclesiae
1667 2365 1759 2440 epis-

112 2463 226 2524 siones
241 2463 282 2524 ad
299 2466 355 2540 J'us
375 2463 592 2524 ecclesiarum
612 2463 797 2525 vestrarum
814 2477 910 2538 spec·
964 2475 1079 2536 oopus.

111 2563 223 2622 tentes
239 2575 312 2637 quae
325 2559 448 2620 alaicis
464 2559 662 2630 detinentur,
677 2559 862 2620 redimendi
878 2561 910 2622 et
1003 2559 1071 2632 Ego
1096 2558 1211 2630 Guala,
1242 2559 1355 2620 Sancti
1379 2559 1513 2620 Martini
1540 2557 1646 2636 presb.
1665 2549 1755 2620 ca'rd.

111 2659 262 2734 legitime
277 2655 441 2718 liberandi
456 2655 496 2717 de
511 2655 664 2718 manibus
679 2672 805 2728 eorum,
823 2657 855 2720 et
867 2657 908 2716 ad
963 2653 1013 2716 tit.
1029 2653 1163 2731 Equitii.

112 2755 274 2816 ecclesias
296 2754 337 2814 ad
361 2769 443 2830 quas
467 2755 634 2830 pertinent
653 2754 842 2825 revocandi,
867 2754 910 2814 li-
1003 2751 1071 2826 Ego
1086 2751 1241 2818 Thomas,
1254 2753 1383 2814 Sanctae
1395 2751 1526 2813 Sabinae
1542 2751 1650 2830 presb.
1665 2753 1755 2814 card.
1834 2741 1836 2748 ⁴

112 2853 194 2913 bera
211 2853 255 2914 sit
267 2851 362 2912 vobis
384 2851 424 2911 de
447 2853 561 2912 nostra
582 2851 780 2912 auctoritate
802 2849 910 2911 facul·
1002 2849 1070 2923 Ego
1086 2849 1193 2925 Hugo,
1209 2848 1372 2909 Ostiensis
1391 2851 1423 2911 et
1438 2850 1654 2911 velletrensis
1669 2849 1761 2926 epis·

112 2955 177 3011 tas.
207 2947 355 3010 Obeunte
381 2963 461 3009 vero
494 2949 538 3019 te,
566 2963 656 3008 nuno
675 2947 822 3024 ejusdem
844 2947 909 3008 loci
964 2957 1076 3020 copus.

112 3045 246 3118 abbate,
268 3045 472 3107 veltuorum
497 3045 644 3122 quolibet
666 3059 906 3116 successorum,
1003 3043 1071 3116 Ego
1086 3041 1254 3116 Pelagius,
1269 3039 1416 3102 Albanus
1430 3041 1617 3118 episcopus.

111 3144 227 3204 nullus
245 3139 291 3203 ibi
307 3141 452 3219 qualibet
474 3141 697 3217 subreptionis
713 3141 835 3203 astutia
850 3155 909 3202 seu
1003 3139 1070 3214 Ego
1083 3139 1252 3210 NicolauS,
1266 3139 1472 3200 Tusculanus
1488 3140 1675 3216 episcopus.

111 3241 275 3304 violentia
303 3239 528 3316 praeponatur,
567 3237 633 3298 nisi
664 3255 760 3316 quem
789 3239 909 3300 fratres
1003 3235 1263 3311 EgoOliverius,
1282 3236 1475 3296 sabinensis
1499 3237 1685 3314 episcopus.

111 3337 284 3400 communi
299 3351 463 3398 consensu
490 3334 545 3396 vel
566 3333 706 3396 fratrum
727 3351 804 3412 pars
829 3351 911 3396 con·-
1003 3333 1072 3409 Ego
1082 3333 1295 3405 Octavianus,
1308 3335 1365 3394 SS.
1381 3334 1488 3409 Sergii
1500 3335 1532 3395 et
1542 3334 1663 3395 Bacchi
1673 3335 1758 3395 diac.

112 3436 184 3496 silii
203 3433 347 3496 sanioris
363 3431 543 3496 secundum
563 3435 667 3494 Deum
691 3433 724 3494 et
738 3433 827 3494 beati
841 3435 911 3493 Au·
965 3429 1054 3490 card.

114 3531 244 3608 gustini
254 3529 407 3606 regulam
422 3529 605 3606 providerit
619 3527 819 3606 eligendum.
1003 3527 1071 3600 Ego
1087 3525 1266 3601 Gregorius
1290 3525 1330 3586 de
1354 3525 1505 3597 Greoent,
1535 3527 1567 3586 S.
1592 3525 1758 3588 Theodori

153 3627 236 3688 Paci
252 3641 382 3703 quoque
404 3627 438 3687 et
449 3625 683 3702 tranquillitati
704 3625 835 3694 vestrae,
849 3623 910 3700 pa·
964 3621 1049 3683 diac.
1066 3621 1157 3682 card.

115 3727 210 3786 terna
225 3723 261 3784 in
287 3723 454 3800 posterum
483 3719 708 3783 sollicitudine
735 3721 910 3798 providere
1004 3719 1071 3791 Ego
1088 3717 1272 3792 RayneruS,
1288 3717 1418 3777 Sanctae
1432 3716 1547 3777 Mariae
1569 3715 1603 3778 in
1621 3717 1758 3778 cosme-

112 3823 276 3892 volentes,
289 3819 485 3882 auctoritate
494 3819 683 3895 Apostolica
696 3817 910 3895 prohibemus
965 3811 1022 3872 diu
1033 3811 1192 3871 diaconus
1207 3809 1397 3871 cardinalis.

114 3920 149 3980 ut
172 3917 260 3978 infra
274 3917 447 3978 clausuras
461 3917 610 3977 locorum
622 3931 682 3976 seu
695 3917 909 3991 grangiarum
1004 3907 1122 3968 Datum
1154 3907 1321 3980 Laterani,
1357 3924 1417 3984 per
1444 3923 1578 3968 manum
1606 3907 1759 3983 magistri

112 4018 301 4078 vestrarum
322 4013 434 4074 nullus
454 4011 620 4090 rapinam,
643 4027 702 4073 seu
717 4009 841 4072 furtum
857 4011 872 4072 f
891 4043 909 4057 -
965 4004 1137 4073 (luidonis,
1162 4003 1287 4064 d0ffltssi
1316 4017 1410 4080 Paltffi
1439 4005 1572 4075 Πθῖᾶΐὶἰ,
1600 4005 1660 4065 VII
1684 4005 1759 4065 idus

113 4129 201 4184 cere,
221 4111 330 4187 ignem
355 4125 533 4186 apponere,
550 4109 746 4185 sanguinem
759 4107 907 4182 fundere,
965 4099 1055 4173 maii,
1073 4100 1187 4160 indict.
1204 4101 1289 4171 X1V,
1309 4101 1552 4162 incarnationis
1576 4101 1757 4162 Dominicae
1814 4095 1817 4100 '

113 4205 619 4283 hominemtemerecaperevel
635 4205 836 4278 interficere,
852 4221 911 4267 seu
965 4213 1053 4258 anno
1087 4199 1286 4268 MCCXXVI,
1318 4197 1528 4273 pontificatus
1555 4197 1757 4258 sanctissimi

113 4305 309 4369 violentiam
327 4303 448 4364 audeat
467 4317 635 4364 exercere.
658 4303 825 4364 Praeterea
839 4317 911 4364 om·
965 4292 1090 4355 domini
1103 4293 1242 4353 Honorli
1256 4307 1349 4372 papae
1363 4295 1408 4353 III
1422 4309 1509 4354 anno
1519 4293 1658 4353 decimo.

113 4419 174 4464 nes
189 4399 361 4463 libertates
374 4401 407 4462 et
421 4399 677 4461 immunitatesa
691 4399 910 4476 praedecesso·

113 4499 209 4561 ribus
228 4497 350 4560 nostris
375 4496 533 4558 Romanis
557 4493 772 4557 Pontificibus
801 4495 910 4557 ordini
1244 4526 1476 4618 CXXXVIII

112 4593 912 4669 vestroconcessas,necnonlibertatesetexemp·

112 4697 224 4756 tiones
240 4689 452 4754 saecularium
467 4691 678 4751 exactionum
694 4705 713 4751 a
728 4690 862 4766 regibus
879 4689 911 4750 et
965 4682 1017 4742 Ad
1052 4683 1247 4754 &flitmum
1277 4683 1565 4752 Lemovivemm
1600 4682 1759 4743 abbatem

113 4787 333 4869 principibus,
346 4787 399 4850 vel
411 4787 487 4848 aliis
502 4785 655 4848 fidelibus
666 4786 912 4848 rationabiliter
1003 4779 1195 4847 botaream,
1212 4778 1443 4838 asturicensis
1462 4779 1628 4851 dtoecests,
1645 4779 1680 4840 θί
1693 4782 1757 4841 dc-

114 4887 211 4951 vobis
225 4885 382 4958 indultas,
400 4884 598 4947 auctoritate
619 4881 809 4960 apostolica
825 4899 910 4945 con-
1004 4887 1131 4935 cacum
1150 4875 1453 4950 burdegalensem.

115 4985 297 5054 firmamus,
327 4983 359 5044 et
379 4981 554 5059 praesentis
583 4981 699 5056 scripti
726 4981 910 5056 patrocinio
1256 5003 1288 5060 pp
1304 5001 1371 5060 maii
1388 5001 1468 5061 1225·

115 5081 370 5145 communimus.
401 5077 617 5140 Decernimus
652 5093 732 5153 ergo
761 5081 798 5138 ut
826 5077 910 5138 nulli

115 5179 251 5242 omnino
264 5176 436 5238 hominum
455 5173 556 5236 liceat
578 5173 752 5250 praefatum
778 5187 912 5235 monas·

114 5275 237 5340 terium
251 5273 375 5336 temere
390 5269 595 5349 perturbare,
612 5273 669 5333 aut
692 5273 764 5350 ejus
777 5285 912 5348 posses.
965 5251 1081 5310 lfendet
1095 5251 1137 5308 eie
1152 5257 1192 5320 ut,
1204 5251 1345 5308 revocatis
1357 5249 1500 5319 erunibus,
1516 5263 1580 5322 que
1597 5251 1626 5308 in
1641 5255 1758 5326 negotio

115 5376 228 5434 Siones
257 5369 389 5431 auferre
413 5367 466 5428 vel
502 5367 630 5428 ablatas
666 5365 821 5438 retinere,
852 5381 910 5426 seu
999 5337 1209 5396 reformationis
1232 5339 1440 5396 monasteriis.
1461 5339 1597 5396 Martialis
1624 5343 1755 5398 Lemovi-

116 5467 320 5549 qnibnslibet
339 5463 573 5526 vexationibus
588 5463 744 5539 fatigare;
761 5463 822 5523 sed
839 5479 912 5524 om·

115 5569 172 5629 nia
187 5565 320 5641 integra
336 5563 575 5624 conserventur
600 5575 715 5622 eorum
744 5575 804 5637 pro
829 5575 912 5636 quo-

116 5681 189 5726 rum
200 5658 442 5740 gubernatione
453 5673 492 5721 ac
502 5657 910 5720 sustentationeconcessa
1005 5656 1183 5730 Honorius,
1200 5657 1275 5730 etc,
1298 5655 1480 5718 venerabili
1505 5655 1637 5717 fratri...
1661 5657 1754 5736 epis·

997 5125 1115 5192 [ilegeet.,
1123 5125 1168 5176 lib.
1179 5127 1211 5186 X,
1220 5124 1295 5190 epist.
1307 5125 1363 5176 263.
1380 5127 1438 5176 llss.
1455 5127 1488 5178 La
1497 5127 1574 5176 Porta
1585 5125 1620 5177 du
1632 5128 1727 5195 ibuit]

1000 5429 1095 5486 censis
1120 5435 1182 5484 aete
1207 5427 1267 5499 jain
1289 5425 1410 5490 fuerant,
1441 5425 1568 5484 addicti
1592 5429 1757 5486 monasterii

1000 5515 1231 5572 reformationem
1244 5515 1280 5572 de
1292 5529 1366 5572 novo
1379 5513 1542 5586 procedent.
